2850 4740
393 185 395 189 ’
437 218 523 272 xva.
551 217 759 276 suasuros.
796 216 872 272 oar.
893 223 917 271 1.
1226 219 1269 284 93

92 381 161 445 inre
193 380 273 467 satis
305 378 426 445 teot'um
457 402 492 444 se
523 379 747 464 arbitraretur,
779 379 866 462 quod
898 380 983 463 apud
1015 400 1126 444 omnes
1158 384 1270 465 gentes

74 473 240 533 sanctum
267 491 336 534 esse
364 473 562 553 consuesset,
589 491 608 532 a
635 472 772 552 tyranno
795 467 979 532 Alexandro
1001 467 1144 532 Pheraeo
1173 469 1323 533 simulas

91 580 166 622 oum
197 556 337 622 Ismenia
369 557 617 641 comprehensus
652 557 687 620 in
723 554 828 620 vincla
863 557 1026 621 coniectus
1063 555 1119 621 est.
1174 555 1304 622 Hnnc2

93 645 334 731 Epaminondas
357 646 571 730 recuperavit,
592 644 678 709 bello
700 665 895 730 persequens
917 644 1145 709 Alexandrum.
1190 644 1270 717 Post
1284 669 1323 710 ecc

92 734 126 797 id
152 736 274 798 factum
301 756 466 818 nunquam
494 734 601 798 animo
627 733 749 818 placari
775 733 884 816 potuit
906 732 939 796 iu
962 754 1049 818 eum,
1071 755 1090 796 a
1113 755 1177 817 quo
1200 739 1270 799 erat

92 821 240 887 violatus.
294 821 408 906 Itaque
439 822 601 907 persuasit
631 821 807 905 Thebanis,
838 824 887 890 ut,
907 821 1052 886 subsidio
1085 821 1269 888 Thessaliae

91 911 369 994 proficiscerentur
391 915 609 994 tyrannosque
631 911 700 974 eius
723 908 925 994 expellerent
972 908 1071 974 Cuius
1096 910 1173 974 belli
1196 926 1305 976 cume

92 999 121 1062 ei
157 1021 283 1063 summa
319 1003 404 1064 esset
440 1000 515 1063 data
551 1020 652 1084 eoque
688 1020 762 1063 oum
798 999 941 1063 exercitu
976 999 1140 1083 prefectus
1176 1004 1270 1085 esset,

91 1109 156 1151 non
183 1087 357 1172 dubitavit,
384 1087 519 1153 simulac
546 1088 714 1172 conspexit
739 1086 880 1173 hostem,
908 1087 1088 1173 confligere.
1137 1085 1177 1151 In
1204 1101 1305 1173 qnos
1391 1081 1395 1090 ’

90 1175 213 1259 proelio
240 1174 459 1240 Alexandrum
490 1180 529 1239 ut
559 1176 798 1261 animadvertit,
830 1175 978 1240 incensus
1010 1177 1059 1240 ira
1083 1198 1203 1263 equum
1235 1177 1304 1247 in„

91 1286 164 1328 eum
196 1265 383 1347 concitavit,
413 1264 590 1349 proculque
622 1264 785 1350 digressus
816 1287 836 1328 a
862 1265 930 1328 suis
957 1265 1104 1329 coniectu
1130 1264 1269 1329 telorum

91 1351 259 1417 confossus
287 1353 433 1417 concidit.
483 1352 592 1438 Atque
618 1352 693 1418 hoc
707 1353 846 1417 secunda
872 1352 1009 1417 victoria
1036 1352 1165 1437 accidit3
1194 1375 1270 1417 nam
1283 1375 1323 1417 aas

41 1496 42 1499 ,
95 1441 160 1505 iam
191 1441 362 1506 inclinatae
394 1432 485 1505 erait
516 1439 728 1526 tyrannorum
760 1442 877 1525 copiae.
929 1440 1000 1517 Quo
1036 1441 1122 1506 facto
1159 1454 1305 1508 omneso

94 1529 278 1594 Thessaliae
311 1530 457 1594 civitates
487 1530 692 1596 inmrfectnm
721 1528 909 1613 Pelopidam
941 1528 1068 1593 coronis
1100 1531 1205 1594 aureis
1238 1534 1271 1594 et

94 1617 211 1683 statuis
234 1619 340 1682 adneis
362 1618 545 1703 liberosque
568 1619 636 1684 eius
658 1617 762 1683 multo
785 1639 863 1704 agro
887 1617 1055 1682 donarunt.

626 2134 737 2206 xvn.
800 2101 802 2104 ’

185 2288 213 2351 1.
241 2288 448 2374 Agesilaus
470 2287 740 2353 Lacedaemonius
761 2311 840 2352 cum
868 2310 887 2351 a
914 2287 1028 2353 eetens
1055 2287 1268 2372 scriptoribus

93 2379 164 2440 tum
189 2377 304 2440 eximie
332 2400 351 2441 a
373 2376 585 2460 Xenophonte
608 2375 771 2459 Socratico
799 2376 1000 2442 collaudatus
1018 2379 1089 2442 est:
1117 2398 1154 2440 eo
1182 2377 1267 2441 enim

94 2486 171 2529 usus
194 2469 244 2529 est
261 2465 518 2529 familiarissime.
554 2463 618 2530 Hic
634 2466 776 2550 primum
796 2466 835 2530 de
853 2485 952 2550 regno
972 2487 1045 2529 cunr
1062 2464 1267 2552 Leotychide,
1286 2483 1302 2530 2

92 2553 203 2618 fratris
235 2553 317 2639 filio,
347 2552 467 2618 habuit
494 2554 739 2619 contentionem.
791 2553 863 2618 Mos
896 2558 965 2617 erat
995 2553 1081 2617 enim
1111 2552 1267 2618 Lacedae

89 2641 207 2706 moniis
229 2664 249 2706 a
271 2640 447 2706 maioribus
470 2640 622 2727 traditus,
649 2645 687 2706 ut
708 2642 803 2707 binos
831 2641 987 2706 haberent
1013 2663 1139 2726 semper
1165 2663 1266 2728 reges,

88 2729 218 2796 nomine
250 2730 354 2816 magis
385 2752 483 2815 qnam
514 2730 663 2816 imperio,
699 2752 738 2794 ex
771 2730 895 2794 duabus
926 2730 1059 2795 familiis
1090 2728 1197 2795 Procli
1233 2736 1266 2795 et

90 2818 318 2902 Eurysthdnis‚
345 2819 401 2902 qui
423 2818 584 2903 principes
606 2841 646 2884 ex
668 2819 821 2904 progenie
844 2817 993 2882 Herculis
1017 2817 1151 2902 Spartae
1173 2840 1265 2903 reges

89 2902 228 2971 fuerumt.
272 2906 404 2971 Horum
436 2929 475 2971 ex
507 2908 607 2971 altera
634 2908 668 2972 in
695 2908 828 2972 alterius
855 2907 996 2971 familiae
1023 2908 1131 2972 locum
1158 2924 1301 2992 regemu

89 3097 135 3152 ist.
150 3131 184 3139 -
287 3099 361 3170 (das
371 3099 427 3169 ja’)
443 3105 649 3154 mcoaauceset
701 3098 755 3153 mit
772 3098 876 3169 sequit)
894 3099 1023 3167 sictona,
1043 3099 1099 3154 ahl.
1118 3099 1187 3167 abs,
1209 3098 1262 3152 ‘als

90 3168 165 3224 fasse
218 3187 230 3222 s
254 3168 408 3224 Gadanken
432 3171 481 3224 dos
499 3169 594 3239 Pelop.
613 3201 648 3214 -
701 3169 761 3223 ihm
783 3169 834 3222 der
857 3168 923 3266 ⁵5⁰}
945 3168 1051 3224 bereits
1073 3168 1177 3240 fugis,
1203 3169 1264 3224 sich

90 3240 257 3309 Alexander,
265 3246 415 3308 ato—358,
424 3241 649 3309 waralsTyrann
701 3240 762 3294 ihm
779 3239 931 3310 auneigte.
1271 3248 1273 3254 ’

89 3327 143 3364 von
160 3311 252 3365 Phora
274 3311 305 3365 in
323 3311 489 3365 Thessalien
507 3311 597 3382 (nicht
614 3328 649 3364 au
929 3335 1036 3342 --

90 3378 277 3436 verwechseln'
310 3381 363 3436 mit
393 3382 484 3436 Phara
515 3381 545 3435 in
576 3382 649 3436 Mes·
738 3382 768 3438 1.
778 3381 835 3435 Das
845 3378 1060 3452 Erhlolgerecht
1073 3381 1124 3435 der
1137 3383 1260 3451 spartan.
1290 3428 1294 3437 .

89 3451 213 3520 saniant)
237 3452 439 3506 Befehlshaber
463 3453 514 3505 der
540 3468 648 3523 gesem·
702 3452 824 3523 Konige3
852 3452 1002 3523 Agesilaus
1025 3454 1197 3523 (ees-358)
1220 3467 1262 3506 er-

88 3526 138 3577 ten
164 3522 368 3577 thessalisahen
395 3522 585 3577 Streitmacht.
613 3554 648 3563 -
702 3522 815 3593 hdmpft
833 3523 893 3577 sich
911 3523 966 3577 den
983 3523 1086 3576 Throrn
1226 3585 1227 3588 Ἴ

89 3595 218 3662 Ismenia,
236 3593 317 3648 Nom.
336 3595 478 3648 Ismenias.
739 3600 762 3647 1.
791 3592 949 3663 Xcadphoa
980 3610 1030 3647 ans
1057 3592 1152 3646 Athen
1178 3595 1262 3662 (etwa

125 3671 149 3718 2.
180 3665 276 3720 animo
309 3664 349 3718 ‘in
383 3664 488 3718 seinem
514 3664 647 3732 Heraen’3
701 3666 876 3733 435-855),
900 3663 1016 3718 Sohuler
1039 3663 1097 3717 und
1118 3661 1261 3733 Biograph

86 3736 198 3805 placari
210 3735 301 3789 libers.
316 3736 434 3789 reflexis.
454 3767 487 3775 -
506 3742 647 3806 tyrannos,
703 3735 752 3789 des
780 3735 926 3803 Sokrates,
954 3733 1032 3788 einer
1058 3734 1109 3787 der
1130 3733 1262 3788 beruhm·

60 3819 63 3823 ·
90 3805 245 3859 derPlnral
258 3805 423 3860 bezeichnst
433 3806 489 3860 den
499 3805 648 3875 'lyram
702 3808 795 3860 tester
824 3805 929 3876 griech
958 3804 1261 3874 Geschichtschrsiber‚

90 3875 143 3930 mit
160 3875 267 3930 seinem
284 3893 394 3946 ganaen
406 3876 501 3932 Hanse
519 3877 578 3930 nnd
591 3876 648 3930 An·
702 3874 784 3930 sollte
802 3894 830 3930 n.
850 3893 882 3935 a.¹
895 3876 968 3930 anch
986 3875 1049 3930 eine
1068 3873 1173 3930 Schrift
1191 3875 1262 3930 uber

88 3946 190 4018 hange.
702 3947 784 4018 Ages.
813 3946 930 4001 versarat
956 3947 1059 4001 haben.
1082 3978 1116 3986 —
1140 3963 1170 4001 eo
1193 3963 1262 4001 usus

126 4022 150 4072 8.
173 4034 280 4072 samma
299 4016 356 4072 ‘die
374 4017 486 4072 oberste
503 4017 645 4088 Leituug'.
701 4025 740 4074 est
770 4018 987 4084 familiarissime
1019 4019 1089 4071 ‘war
1119 4015 1180 4070 ihm
1206 4033 1262 4087 eng

90 4119 125 4129 -
146 4105 205 4144 noa
226 4089 363 4144 dubitavit
386 4089 528 4143 ‘aauderte
546 4087 646 4143 nicht’.
701 4087 888 4143 hefreundet’.
1086 4100 1087 4103 ’

123 4166 150 4215 4.
169 4160 306 4231 diyrccsue
323 4158 382 4214 ldse
401 4159 489 4214 durch
509 4159 569 4213 ‘da’
585 4159 646 4227 auf3
737 4165 761 4214 2.
785 4154 898 4229 imp'erio
923 4159 984 4212 ‘der
1003 4158 1262 4228 Herrschergewalt

88 4232 229 4297 confossas
246 4229 379 4285 verbinde
397 4229 450 4284 mit
467 4231 593 4286 concidit.
612 4263 647 4272 -
701 4231 795 4286 nach’.
814 4262 850 4271 -
868 4229 908 4284 Zu
931 4231 1026 4285 Procli
1048 4227 1102 4299 vgl.
1127 4230 1159 4284 A.
1174 4229 1205 4283 Β.
1222 4235 1260 4283 1⁸.

89 4302 210 4356 conada
228 4304 302 4356 etna
321 4301 421 4356 ‘durch
434 4300 518 4372 einen
529 4301 648 4372 Hagel’3
702 4333 736 4342 -
752 4298 941 4371 principata
954 4299 1046 4372 primi.
1316 4368 1318 4372 y

88 4370 260 4442 eigentlich?
288 4404 323 4413 -
347 4373 468 4428 monada
494 4373 649 4444 (vervandt
738 4378 762 4426 3.
800 4390 834 4428 aa
869 4374 958 4430 altars
993 4370 1124 4444 (familis)
1155 4371 1261 4438 honam,
