2850 4740
136 196 201 264 108
477 194 575 251 ΧἮΠ,
601 194 783 252 numm.
820 194 897 251 CAP.
916 201 933 251 8
961 201 986 250 t.

135 380 193 446 per
215 358 287 425 loca
309 358 449 444 deserte,
475 379 557 443 quae
579 379 674 423 nemo
696 356 858 422 incolebat
878 362 1012 443 propter
1033 379 1135 443 equae
1158 357 1311 443 inopiam,

135 454 277 513 ceterum
314 446 438 512 dierum
474 451 545 511 erat
580 446 646 512 iere
680 445 803 529 decem3
842 445 900 511 illa
935 452 1057 527 enum,
1098 468 1163 532 qua
1198 467 1311 512 omnes

135 535 372 622 commeebent,
403 535 505 601 altero
536 540 629 600 tento
655 534 834 620 longiorem
860 533 1002 600 habebat
1027 534 1223 620 anfractum,
1254 534 1310 599 sed

101 630 206 690 emat
232 624 363 710 copiose
388 623 597 709 omniumque
622 644 729 688 rerum
757 622 932 687 abundans.
977 621 1048 688 Hac
1075 624 1104 687 si
1129 623 1311 708 proficisce-

137 720 239 799 retur,
275 712 483 799 intellegebat
516 713 607 797 prius
643 711 844 776 &ternanos
879 711 1052 777 rescituros
1088 711 1128 776 de
1164 732 1223 776 suo
1257 712 1311 775 ed-

137 807 249 887 ventu,
276 822 373 887 quem
401 801 469 886 ipse
496 802 626 865 tertiem
652 805 778 886 partem
800 799 992 865 confecisset
1012 799 1152 885 itineris3
1180 800 1231 865 sin
1253 821 1311 885 per

136 889 207 956 loce
239 889 309 955 sole
340 889 559 973 contenderet,
591 887 742 974 sperabat
773 910 807 953 se
839 888 1075 973 imprudentem
1100 888 1228 954 hostem
1255 909 1311 974 op·

102 996 330 1065 tpressurum.
381 976 432 1043 Ad
459 976 542 1042 hene
568 995 636 1043 rem
663 976 893 1043 conficiendam
920 977 1092 1062 imperavit
1117 998 1215 1063 quam
1241 977 1312 1063 plu·

137 1067 236 1133 rimor
259 1073 348 1132 utres
370 1072 468 1152 etque
490 1067 588 1132 etiam
610 1065 731 1131 culleos
749 1067 938 1152 comparari,
958 1070 1034 1152 post
1050 1065 1129 1131 haee
1146 1065 1312 1151 pebulum,

136 1160 302 1241 praeterea
327 1155 449 1221 mhsrie
475 1159 567 1220 cocta
589 1154 713 1220 dierum
735 1154 858 1240 dooeim
883 1159 1042 1241 utquam
1063 1155 1197 1220 minime
1218 1154 1312 1220 fieret

137 1244 222 1331 ignis
250 1244 285 1309 in
311 1244 434 1309 cestris.
480 1241 547 1308 Iter
573 1264 637 1328 qno
663 1241 796 1328 habeat,
823 1244 929 1309 omnis
956 1242 1047 1308 celet.
1093 1241 1147 1310 Sic
1169 1248 1313 1328 perotus,

136 1354 201 1418 que
223 1332 444 1418 constitueret,
465 1332 688 1418 proficiscitur.

225 1420 254 1487 9.
287 1419 466 1487 Dimidium
492 1419 559 1486 iere
586 1420 727 1506 apetium
753 1419 947 1506 coniecerat,
977 1441 1051 1485 cum
1078 1441 1118 1485 ex
1145 1420 1235 1486 fumo
1261 1442 1312 1486 ce

137 1515 279 1575 atrorum
306 1510 375 1576 eius
403 1509 544 1595 suspicio
571 1507 670 1574 ellete
695 1513 747 1574 est
772 1508 824 1573 ed'
838 1507 1017 1574 Eumenem
1042 1508 1170 1574 hostem
1197 1531 1310 1594 appro-

135 1596 902 1773 iitbuiiitni⁰iii⁰d⁰⁰ddffiidi⁸ffi
917 1596 1310 1771 rihhiphndhiiii

101 1792 245 1862 epotos,
303 1797 379 1841 uem
410 1773 596 1862 Antigonus
632 1774 802 1840 adfuturus
833 1774 1011 1840 videbatur.
1064 1773 1129 1839 Hic
1160 1775 1312 1840 omnibus

137 1863 292 1930 titubanti
381 1869 416 1929 et
444 1863 483 1929 de
510 1863 606 1929 rebus
633 1863 768 1928 summis
795 1862 1040 1949 desperantibus
1066 1861 1228 1928 Eumenes
1255 1864 1311 1949 eit,

137 1952 164 2017 si
197 1952 394 2018 celeritatem
420 1952 524 2017 velint
549 1951 700 2017 adhibere
727 1955 761 2016 et
788 1951 833 2017 im
874 1956 946 2017 rate
972 1952 1090 2036 fecere,
1122 1952 1210 2036 quod
1236 1956 1311 2018 ente

136 2063 201 2106 non
224 2041 368 2126 iecerint,
390 2061 425 2105 so
448 2061 515 2106 rem
538 2039 770 2126 expediturum,
847 2062 901 2105 em
923 2040 1011 2126 quod
1033 2040 1147 2105 diebus
1169 2041 1312 2126 quinque

135 2129 241 2195 hostis
268 2129 424 2195 trensisse
449 2133 573 2216 posset,
601 2149 636 2194 se
661 2129 863 2215 effecturum,
892 2133 1022 2194 utnon
1043 2129 1152 2194 minus
1175 2129 1311 2195 totidem

136 2218 260 2284 dierum
288 2218 394 2303 spatio
421 2217 646 2284 retardaretur.
691 2216 796 2295 Quare
823 2217 1043 2303 circumirent,
1071 2227 1156 2282 sues
1173 2217 1310 2303 quisque

101 2326 117 2375 e
136 2305 341 2373 contraheret
362 2306 480 2392 copies.
521 2302 574 2372 Ad
595 2305 754 2393 Antigoni
776 2309 884 2372 eutem
907 2306 1131 2371 rehenendum
1154 2307 1311 2392 impetum

136 2394 201 2461 tale
224 2395 311 2480 cepit
333 2394 512 2462 eonsilium.
553 2393 665 2461 Certos
683 2395 787 2460 mittit
803 2394 950 2460 homines
969 2394 1010 2459 ed
1028 2394 1157 2460 infimos
1175 2398 1312 2480 montes,

172 2593 196 2641 t,
223 2586 263 2642 Zu
291 2603 343 2658 per
375 2588 433 2643 loca
465 2587 570 2643 deserto
617 2588 698 2642 ehdrt
750 2586 831 2642 hatte
845 2586 906 2642 elso
920 2587 972 2641 des
981 2585 1312 2668 Anzdndenvonhsger·

137 2659 209 2713 ench
233 2658 318 2714 achon
340 2666 399 2715 erat
418 2657 519 2741 ‘ging',
537 2688 573 2700 -
591 2605 697 2713 dhaem
750 2656 848 2712 ieuern
871 2657 945 2713 doch
963 2655 1042 2712 nicht
1060 2673 1132 2728 gena
1150 2657 1310 2713 vermenden

136 2729 236 2798 eoem,
326 2772 331 2785 .
364 2729 464 2799 queht.
498 2729 580 2783 ‘nebu
607 2727 697 2799 Tege·
751 2727 871 2783 konnen.
895 2761 929 2770 -
1022 2729 1081 2795 tio,
1104 2727 1144 2782 im
1166 2727 1199 2783 D.
1223 2731 1310 2783 aves

136 2800 264 2855 mtrsohe
353 2801 371 2855 ’,
386 2831 420 2842 -
438 2801 525 2856 attero
543 2806 620 2856 eece
639 2800 698 2854 ‘um
750 2798 836 2855 freier
850 2799 907 2854 ‘die
922 2799 978 2854 Mel
998 2817 1065 2871 ung,
1082 2816 1149 2854 man
1162 2800 1308 2854 vemute'.

137 2869 183 2926 ein
206 2869 318 2927 aweitee
390 2870 456 2940 iel’‚
480 2870 506 2926 d.
526 2868 543 2926 i.
569 2870 628 2925 ‘um
646 2870 697 2925 des
753 2901 785 2911 -
808 2871 896 2939 secto,
919 2870 969 2925 der
986 2869 1050 2925 Abl.
1075 2870 1124 2925 des
1142 2869 1256 2935 Partis„
1280 2869 1307 2924 in

137 2941 295 3013 Doppelte'.
323 2973 358 2984 -
389 2943 499 3012 copioso
536 2941 624 2996 ‘reich
661 2958 697 2996 en
751 2941 844 2996 dieser
856 2941 968 2997 Konstr.
1006 2940 1241 2996 leichbedeutend
1256 2941 1311 2995 mit

136 3011 295 3069 Verritum,
750 3011 814 3068 dem
831 3012 883 3067 Ins,
902 3045 937 3054 -
979 3014 984 3024 ’
1018 3013 1099 3068 batur
1122 3012 1198 3066 kann
1221 3011 1308 3066 durch

172 3089 197 3139 t,
226 3083 359 3141 edemus
387 3082 451 3137 ‘des
474 3082 694 3138 Herenrdcken'.
750 3082 795 3137 ein
814 3083 882 3138 Λᾶν.
902 3081 1170 3151 (‘voraussiohtlich‚
1188 3088 1308 3137 vermut-

136 3185 170 3197 ·-
188 3152 244 3210 Vor
260 3155 368 3212 tertiam
381 3153 449 3253 inps
464 3153 548 3209 ‘euch
561 3155 624 3208 nur’
641 3153 694 3209 ein.
750 3152 831 3225 lioh')
850 3153 1082 3226 wiedergegeben
1099 3153 1219 3210 werden.

136 3256 170 3268 -
193 3225 253 3282 sora
272 3223 407 3281 'cineam
423 3267 428 3280 .
447 3256 481 3267 ·-
498 3225 696 3296 irrrpntdortem
784 3229 810 3281 t.
830 3225 862 3281 de
879 3226 960 3281 robes
975 3226 1087 3282 mmmie
1100 3226 1242 3295 desperare
1257 3222 1309 3278 ‘el-

136 3294 213 3352 kenn
240 3294 329 3352 durch
356 3294 437 3352 sinen
459 3294 619 3352 Nebeneebs
643 3295 697 3351 mit
749 3295 790 3351 les
812 3295 939 3351 verloren
975 3295 1067 3351 eben'.
1088 3327 1122 3337 -
1140 3302 1215 3365 onte,
1238 3295 1307 3349 Λᾶν.

138 3366 221 3423 ‘ohne
240 3366 314 3423 deis’
329 3365 695 3494 md⁰¹⁸ffi⁰ss⁶2fssffl
748 3384 863 3509 d-{gezcm
871 3314 1218 3494 Acsseffiggrewffigndaohs
1239 3365 1308 3420 erle-

136 3525 218 3635 guam
249 3525 368 3566 mmmm
396 3540 428 3551 -
457 3481 538 3566 cullei
567 3480 695 3564 '‘ledeme
746 3483 859 3634 (ροεεινῖ
887 3509 955 3564 ‘was
985 3510 1036 3564 des
1063 3479 1197 3580 enlmpe,
1225 3439 1309 3578 md,

807 3597 840 3636 eo

172 3443 196 3494 t,
211 3438 446 3524 quomphcrtmose

156 3579 236 3637 toks'
269 3579 385 3636 worden
412 3578 588 3651 gewbhnlieh
615 3579 695 3635 nieht
747 3579 809 3636 einf
861 3596 891 3635 er
935 3581 1047 3635 ‘wenn’.
1090 3611 1124 3621 -
1169 3581 1308 3647 omisso,

136 3668 197 3706 zum
222 3650 413 3707 h'ortecheffen
433 3668 485 3707 von
509 3650 625 3707 Wesesr
646 3667 694 3722 ge·
747 3649 1308 3720 ntmlinPersidemtintrens.‘berdber-

136 3721 264 3791 breuoht‚
279 3721 455 3793 deberetque
464 3721 693 3807 quiapropter).
748 3721 915 3794 gekommen
943 3721 1024 3805 sein}
1053 3753 1086 3763 -
1114 3723 1217 3803 apetie,
1251 3720 1307 3801 ahl.

135 3792 696 3948 ncttatttuttttsstt
748 3790 1310 3942 tttttm‘trtttttttttttt

137 3934 264 3990 ricbtesn‘,
286 3966 318 3977 -·
338 3951 438 3992 onnus:
458 3934 489 3990 A.
505 3935 536 3990 it.
553 3931 592 3990 lb.
750 3936 786 3990 ab
808 3952 866 3991 noa
888 3937 979 3992 minoe
1002 3935 1111 3991 totidem
1131 3935 1238 3990 dieram
1256 3936 1309 3987 nur

172 4005 201 4063 9.
221 4004 365 4062 Wthrend
385 4004 440 4062 elle
459 4006 562 4061 andern
582 4004 630 4061 bei
646 4004 696 4059 der
749 4005 799 4060 der
816 4005 950 4062 dbliehen
964 4005 1138 4090 huelessunp
1155 4020 1210 4059 von
1223 4020 1309 4073 quem

138 4077 330 4149 dnnthsmng
366 4076 416 4132 dee
448 4075 606 4149 Antigonus
643 4076 698 4131 den
751 4077 824 4131 neoh
842 4078 941 4133 meros.
957 4109 990 4120 -
1009 4079 1183 4134 circumirent
1200 4092 1219 4129 u
1246 4091 1308 4130 oon·

135 4147 213 4221 liopi
224 4146 368 4217 verlioren,
387 4146 463 4221 polin
511 4147 694 4203 eudemones
751 4149 876 4218 traheret,
889 4147 1080 4220 Konjunktivs
1098 4146 1148 4202 der
1161 4144 1308 4201 Aniiorde·

135 4217 174 4275 im
207 4218 313 4276 lotaton
338 4217 517 4291 Augenbrek
545 4218 599 4274 den
626 4217 697 4273 Plen
751 4235 824 4291 rung
840 4217 871 4274 in
889 4220 940 4275 der
957 4219 1079 4291 abhtng.
1098 4216 1184 4273 Rode.
1382 4231 1391 4248 ·

136 4290 186 4347 des
204 4288 329 4363 (tepuere
348 4306 381 4345 eu
400 4287 550 4348 versiteln„
787 4296 812 4345 t.
845 4297 929 4348 certes
959 4291 1079 4347 homines
1112 4287 1309 4358 ‘euverlessige

174 4368 195 4418 t.
225 4378 259 4419 ea
285 4363 364 4431 freae
391 4358 509 4434 ‘infulge
529 4361 598 4429 .‚.’;
631 4375 698 4417 men
751 4360 859 4417 Leute’.
884 4394 918 4404 -
941 4362 979 4418 od
1005 4362 1114 4431 Menoe
1135 4365 1238 4416 monos
1260 4359 1309 4412 ‘en
