2850 4740
148 210 190 274 86
454 209 512 264 XV.
541 209 812 265 EPAMINONDAS.
851 208 927 264 CAP.
949 206 972 264 6]
994 216 1017 264 7.

148 373 366 457 Callistrhtus,
399 370 646 437 Atheniensium
677 373 817 459 legatus,
849 372 905 456 qui
933 373 1117 457 eloquentia
1144 397 1254 439 omnes
1283 398 1320 440 eo

146 462 331 547 praestabat
367 465 525 546 tempore,
561 461 753 547 postularet,
790 484 811 524 u
862 461 973 546 potius
1004 461 1179 527 amicitiam
1211 485 1321 548 seque·
1418 536 1420 540 ἱ

147 555 258 615 rentur
280 550 478 635 Atticorum,
506 554 538 615 et
566 551 599 614 in
627 550 772 614 oratione
800 573 858 614 sua
884 550 988 615 multa
1011 550 1157 615 invectus
1181 557 1264 616 esset
1288 553 1333 616 in·

113 657 128 725 2
148 639 318 704 Thebanos
342 644 374 704 et
397 637 551 725 Argivos,
579 639 613 703 in
636 639 739 723 iisque
761 638 824 703 hoc
846 639 1019 724 posuisset,
1047 641 1190 704 animum
1213 642 1321 705 adver-

149 732 215 792 tere
247 728 360 792 debere
387 726 542 812 Arcades,
571 727 675 812 qualis
702 732 841 811 utraque
865 728 979 792 civitas
1008 728 1086 792 civis
1113 735 1322 816 procreasset,

148 840 188 881 ex
220 817 336 901 quibus
370 818 408 880 de
440 818 554 881 ceteris
585 821 718 901 possent
749 816 903 901 iudicare3
935 815 1075 902 Argivos
1109 819 1194 882 enim
1221 818 1322 884 fuisse

109 909 111 915 '
148 904 293 970 Orestem
321 910 354 970 et
380 904 608 970 Alcmaeonem
635 905 833 991 matricidae,
865 904 985 969 Thebis
1014 903 1172 992 Oedipum
1199 912 1322 992 natum,

148 996 203 1078 qui
240 1017 313 1060 cum
348 998 474 1080 patrem
511 1018 604 1058 suum
641 995 865 1080 interfecisset,
902 1016 941 1058 ex
973 998 1076 1059 matre
1098 995 1218 1060 liberos
1249 1019 1321 1081 pro·

112 1087 298 1148 acreasset:
331 1083 406 1147 huic
438 1084 473 1147 in
504 1083 725 1168 respondendo
753 1083 1008 1169 Epaminondas,
1027 1105 1113 1164 ⁴cum
1141 1083 1180 1149 de
1208 1086 1322 1150 ceteris

146 1177 340 1257 perorasset,
363 1176 536 1257 postquam
560 1172 600 1235 ad
623 1168 681 1236 illa
703 1172 766 1236 duo
790 1172 964 1257 opprobria
985 1173 1146 1259 pervenit,
1169 1174 1321 1239 admirari

147 1283 181 1325 se
208 1262 291 1326 dixit
317 1261 493 1325 stultitiam
516 1260 655 1326 rhetoris
678 1259 795 1348 Attici,
822 1261 879 1345 qui
902 1282 967 1325 non
989 1256 1252 1327 animadverterit
1275 1263 1321 1327 in-

146 1354 297 1414 nocentes
324 1350 399 1415 illos
426 1354 521 1414 natos
550 1350 650 1436 domi,
677 1349 795 1414 scelere
823 1349 963 1414 admisso
991 1371 1064 1414 cum
1086 1350 1194 1436 patria
1215 1356 1323 1416 essent

87 1439 285 1525 .4expulsi,
317 1442 462 1524 receptos
495 1460 563 1503 csse
596 1439 636 1503 ab
668 1437 930 1504 Atheniensibus.
986 1437 1063 1504 Sed.
1081 1439 1219 1504 maxime
1251 1440 1320 1505 eius

145 1528 329 1613 eloquentia
352 1527 454 1591 eluxit
477 1526 612 1612 Spartae
635 1532 709 1591 ante
731 1550 874 1613 pugnam
896 1527 1107 1593 Leuctricam.
1153 1527 1222 1604 Quo
1246 1550 1319 1593 oum

146 1617 289 1683 omnium
320 1617 482 1682 sociorum
513 1616 738 1684 convenissent
768 1617 881 1702 legati,
918 1638 1026 1681 coram
1058 1617 1319 1700 frequentissimo

145 1709 304 1770 conventu
336 1705 382 1770 sic
409 1704 736 1771 Lacedaemoniorum
766 1705 970 1789 tyrannidem
998 1705 1158 1792 coarguit,
1190 1711 1227 1771 ut
1254 1728 1319 1771 non

42 1797 45 1802 ’
144 1795 251 1858 minus
282 1794 340 1858 illa
372 1794 517 1859 oratione
550 1816 626 1880 opes
659 1816 769 1858 eorum
801 1794 1000 1859 concusserit
1027 1816 1124 1878 quam
1152 1794 1320 1860 Leuctrica

144 1906 260 1969 pugna.
311 1883 394 1947 Turn
426 1883 511 1947 enim
540 1883 688 1968 perfecit,
721 1883 807 1968 quod
834 1886 909 1969 post
937 1882 1101 1968 apparuit,
1133 1887 1170 1947 ut
1197 1884 1319 1948 auxilio

144 1972 305 2036 sociorum
328 1972 539 2057 privarentur.

206 2089 208 2092 ·
234 2064 261 2126 7.
290 2060 403 2126 Fuisse
429 2061 606 2146 patientem
633 2081 828 2145 suorumque
855 2060 989 2125 iniurias
1013 2061 1168 2125 ferentem
1192 2060 1319 2147 civium,

144 2150 232 2233 quod
254 2171 287 2213 se
309 2149 433 2233 patriae
456 2149 551 2214 irasci
573 2149 664 2215 nefas
682 2170 751 2214 esse
770 2149 908 2235 duceret,
930 2149 1010 2214 haec
1028 2152 1106 2215 sunt
1123 2149 1318 2214 testimonia.

145 2238 226 2303 Cum
253 2260 326 2302 eum
353 2243 486 2324 propter
513 2239 667 2303 invidiam
695 2239 780 2302 cives
807 2238 858 2302 sni
885 2239 1057 2324 praeficere
1084 2238 1239 2306 exercitui
1263 2261 1318 2303 no·
1393 2251 1396 2256 '

142 2326 292 2413 luissent,
324 2327 451 2411 duxque
483 2332 568 2392 esset
599 2326 741 2392 delectus
772 2326 850 2392 belli
877 2325 1060 2413 imperitus,
1090 2327 1184 2392 cuius
1211 2348 1318 2392 errore

144 2437 194 2480 res
218 2438 255 2480 eo
278 2420 363 2480 esset
386 2416 531 2501 deducta,
554 2420 591 2480 ut
613 2438 725 2480 omnes
748 2416 786 2480 de
809 2415 913 2480 salute
936 2415 1208 2502 pertimescerent,
1231 2416 1318 2500 quod

143 2504 288 2569 locorum
316 2505 475 2591 angustiis
503 2505 603 2569 clausi
632 2505 671 2569 ab
699 2504 848 2570 hostibus
871 2504 1116 2588 obsidebantur,
1144 2504 1319 2569 desiderari

144 2598 257 2679 coepta
293 2597 342 2658 est
374 2593 616 2679 Epaminondae
653 2593 835 2681 diligentia,
871 2597 940 2658 erat
976 2593 1062 2657 enim
1095 2593 1140 2657 ibi
1172 2595 1319 2679 privatus

110 2701 278 2748 enumero
305 2682 429 2749 militis.
475 2682 505 2746 A
535 2704 596 2767 quo
625 2704 698 2747 cum
720 2686 867 2768 peterent
890 2703 997 2767 opem,
1024 2681 1147 2746 nullam
1171 2682 1320 2747 adhibuit

144 2912 178 2947 zu
196 2893 364 2949 behandeln.
382 2925 418 2937 —
436 2909 527 2949 omncs
583 2893 705 2954 uastabat
795 2893 825 2948 8.
844 2891 924 2945 Auch
942 2891 972 2945 in
990 2891 1094 2948 hohem
1112 2891 1205 2947 Grade
1219 2893 1320 2946 selbst-

144 2963 359 3035 ungewdhnlieh
378 2967 449 3019 atatt
466 2963 543 3019 omni
563 2982 596 3018 us
609 2983 650 3034 pr.
670 2996 704 3005 -
758 2962 801 3018 les
819 2979 879 3017 war
895 2961 1006 3044 Epam.;
1026 2979 1057 3016 so
1071 2963 1272 3018 unterdrttclrte
1289 2981 1319 3018 cr

144 3034 705 3105 amidttomseqai‘lreundschafthaltcn
758 3031 838 3089 nicht
855 3052 908 3087 nur
926 3051 965 3087 rm
984 3033 1180 3105 Angenblicke
1199 3035 1249 3088 der
1267 3034 1319 3089 Ge-

144 3105 217 3161 mit’.
237 3139 271 3147 —
289 3108 376 3161 stulta
394 3106 502 3176 (Neutr.
522 3105 587 3177 Pl),
610 3105 650 3160 im
669 3105 703 3161 D.
758 3104 822 3158 fahr
836 3104 931 3159 seinen
945 3103 1024 3159 Groll
1037 3104 1107 3159 fiber
1121 3104 1166 3159 die
1181 3104 1320 3176 unbillige

145 3177 206 3231 adv.
228 3177 379 3232 ‘vielfach’.
758 3174 966 3232 Zurflcksetzun
992 3218 999 3244 ,
1027 3175 1147 3230 condem
1174 3179 1267 3247 wagte
1290 3192 1320 3230 es

181 3255 205 3304 2.
225 3249 316 3319 qualis
333 3249 408 3318 oica,
431 3248 487 3319 vgl.
506 3248 539 3302 A.
557 3247 589 3303 Β.
610 3244 649 3302 lb.
668 3279 703 3288 -
758 3248 831 3301 auch
857 3249 941 3301 unter
966 3194 1071 3325 baram
1097 3245 1187 3300 seines
1209 3247 1319 3302 Lebens

144 3337 178 3374 cc
196 3320 294 3390 quibus
308 3319 393 3375 ‘nach
406 3319 518 3388 denen',
537 3317 703 3389 cigentlich:
757 3335 820 3372 zum
845 3317 949 3372 Bestan
977 3317 1026 3371 des
1048 3316 1236 3373 Vaterlandcs
1264 3318 1320 3372 don

144 3407 199 3445 von
216 3389 340 3446 walchen
357 3389 527 3461 anagehend.
545 3421 581 3430 -
602 3389 704 3444 Orestes
758 3386 896 3444 Gesctzen
913 3406 948 3442 zu
965 3391 1083 3444 tratrem

144 3464 234 3517 tdtcte
257 3460 333 3517 scine
355 3461 462 3516 Mntter
483 3460 703 3530 Klythmnestra‚
794 3465 817 3514 1.
837 3459 948 3529 Furcae,
962 3458 1038 3529 Subj.
1059 3475 1130 3514 eum.
1145 3490 1179 3500 -
1192 3460 1321 3527 ferentem

144 3531 209 3587 weil
227 3531 268 3586 sic
287 3529 383 3602 acinon
405 3531 494 3587 Vater
511 3533 705 3604 Agamemnon
759 3529 830 3584 ‘fan'
857 3574 864 3598 ‚
892 3549 926 3584 zu
953 3531 1104 3612 ertragen’.
1132 3543 1168 3571 —'
1200 3531 1319 3586 deccat:

145 3603 284 3659 ermordet
318 3604 411 3673 hatte,
448 3602 597 3659 Alcmaeon
628 3601 706 3658 seina
759 3601 824 3656 dem
867 3601 922 3672 cuj.
943 3601 1100 3683 cntrprrcht
1116 3600 1156 3655 im
1173 3600 1206 3657 D.
1220 3600 1319 3655 hinzu-

144 3675 252 3730 Mnttcr
268 3673 403 3756 Eriphyle
422 3689 522 3746 wagan
543 3673 619 3728 ihrer
635 3673 706 3728 Ver·
759 3672 818 3743 ges¹
876 3670 1073 3727 s‘viellercht’
1092 3671 1162 3726 oder
1175 3672 1319 3726 ‘mochte'.

145 3748 221 3800 rates
236 3761 273 3801 an
287 3761 393 3800 semem
404 3744 495 3801 Vater
508 3743 704 3816 Amphiaraus.
760 3775 794 3784 —-
839 3760 872 3798 or
887 3744 953 3799 boec
970 3750 1036 3799 arod
1060 3759 1092 3798 or
1163 3758 1179 3798 e
1204 3741 1320 3798 ‘datust

144 3815 201 3871 Der
217 3815 306 3870 Vatar
323 3816 373 3870 des
389 3816 509 3886 Ocdi1ms
525 3815 599 3872 hieu
612 3815 705 3885 Latos,
760 3845 794 3856 -
812 3803 889 3869 liber
905 3815 952 3870 ccci
968 3814 1024 3885 rgl.
1040 3814 1072 3868 A.
1112 3820 1171 3869 .10.
1185 3844 1221 3855 ·-
1235 3831 1277 3870 rca
1290 3830 1320 3869 co

146 3885 529 3943 dieMutterIokaste.-cr
542 3893 628 3944 matre
642 3885 707 3942 ‘mit
756 3886 903 3941 deducitur
937 3886 977 3938 ‘es
1009 3884 1118 3940 kommt
1149 3884 1257 3941 dahin'.
1285 3918 1320 3926 -

145 3957 237 4013 seiner
254 3958 380 4013 Mutter'.
759 3957 878 4013 locorum
888 3956 949 4010 ‘des
959 3954 1322 4012 celandae-derideas

181 4035 205 4085 3.
225 4031 258 4085 dc
275 4031 375 4099 ostada
394 4029 421 4084 d.
439 4028 459 4084 i.
477 4029 549 4084 dbcr
564 4027 610 4084 die
627 4026 704 4083 fibri·
758 4035 851 4098 empto
868 4034 915 4096 ert,
933 4026 973 4080 im
990 4026 1023 4082 D.
1044 4024 1130 4082 aktlv.
1148 4025 1203 4082 mit
1221 4027 1319 4083 ‘man'.

78 4106 82 4114 '
165 4118 200 4155 en
222 4100 341 4156 Punkte.
365 4133 398 4142 -
421 4102 590 4169 immemor,
613 4098 653 4154 im
669 4098 704 4154 D.
759 4130 794 4139 —
817 4100 946 4169 privatus
973 4098 1058 4154 ‘ohne
1084 4098 1177 4165 Amet
1208 4115 1321 4154 cucero

144 4120 212 4243 luge
236 4170 363 4226 ‘Kinder’
386 4170 485 4241 binam
506 4178 587 4228 actor
610 4169 705 4226 aulau-
761 4166 1064 4241 ‘inderEigenschtst’
1078 4167 1228 4225 odcrblola
1244 4169 1320 4224 ‘als'.

145 4243 224 4297 lesen
241 4242 316 4298 nach
332 4242 365 4298 A.
380 4242 412 4299 B.
428 4244 485 4297 18⁰.
795 4247 820 4295 2.
834 4242 941 4296 nullam
954 4241 1082 4297 adhibuit
1092 4241 1248 4297 moriam
1259 4240 1321 4294 ‘un-

181 4322 206 4370 4.
228 4314 297 4385 Quo,
316 4312 356 4368 im
373 4313 407 4373 D.
428 4313 529 4369 ‘Dort’.
544 4346 579 4355 -
593 4320 658 4384 post
670 4339 705 4360 =
758 4311 921 4367 terdrflclrtc
939 4311 985 4366 die
999 4309 1177 4383 Ednnerung
1194 4328 1252 4367 an.
1269 4355 1275 4366 .
1292 4312 1320 4380 .’;

145 4389 252 4456 postca.
760 4381 930 4455 cigentlich?
