2850 4740
463 207 534 263 XVI.
562 208 769 264 PELOPIDAS.
807 208 928 264 CAR-1.
1240 212 1286 276 89'

111 392 185 435 eum
212 371 246 434 in
274 392 311 435 eo
338 370 461 456 patriae
488 370 654 435 consulere
681 371 813 457 diceret,
840 371 928 455 quod
952 371 1073 437 liberos
1099 394 1164 436 non
1191 373 1286 438 relin-

110 462 231 544 queret,
254 457 370 545 ‘Vide',
392 458 511 543 inquit,
535 460 590 524 ‘ne
613 463 651 523 tu
672 459 764 544 peius
787 460 948 545 consulas,
976 460 1033 545 qui
1060 461 1158 524 talem
1185 483 1225 526 ex
1251 465 1319 527 tea

109 552 222 611 natum
249 547 419 613 relicturus
451 546 505 611 sis.
554 546 668 632 Neque
694 570 770 612 vero
798 549 897 633 stirps
923 548 1005 612 mihi
1031 552 1140 633 potest
1166 549 1283 615 deesse.

109 635 259 721 Namque
281 658 321 701 ex
342 658 394 700 me
416 639 525 700 natam
547 636 695 721 relinquo
718 658 860 722 pugnam
881 635 1092 721 Leuctricam,
1115 660 1196 722 quae
1218 659 1284 703 non

109 725 205 789 modo
228 724 309 788 mihi
332 727 503 809 superstes,
526 724 702 789 sedetiam
724 724 916 790 immortalis
939 726 983 789 sit
1005 746 1133 790 neccsse
1155 727 1225 790 est'.

198 811 269 900 Quo
292 816 435 897 tempore
459 806 538 877 duce
558 811 712 897 Pelopida
734 813 860 878 exsules
883 813 1009 878 Thebas
1033 819 1230 898 occuparunt
1252 817 1319 880 ete

109 900 304 985 praesidium
322 901 647 965 Lacedaemoniorum
669 923 709 966 ex
727 923 799 966 arce
817 901 1017 987 expulerunt,
1035 902 1284 988 Epaminondas,
1297 925 1339 971 aaa

110 989 263 1074 quamdiu
289 989 375 1054 facta
397 993 446 1054 est
468 989 580 1053 caedes
602 990 733 1075 civium,
756 985 852 1056 domo
874 1012 909 1056 se
931 990 1049 1076 tenuit,
1072 991 1159 1076 quod
1181 1013 1283 1076 neque

110 1078 278 1142 defendere
305 1078 408 1152 malos
430 1076 560 1142 volebat
585 1100 689 1162 neque
715 1079 918 1165 impugnare,
944 1101 984 1143 ne
1010 1101 1125 1144 manus
1152 1100 1284 1145 suorum

110 1166 269 1251 sanguine
279 1169 468 1232 cruentaret.
495 1164 645 1251 Namque
659 1188 786 1231 omnem
800 1167 926 1232 civilem
940 1167 1109 1232 victoriam
1122 1169 1284 1233 funestam
1302 1243 1305 1249 ,

109 1254 254 1338 putabat,
297 1253 396 1340 Idem,
421 1258 594 1338 postquam
621 1255 707 1339 apud
730 1254 900 1320 Cadmeam
928 1278 1000 1321 cum
1023 1254 1283 1322 Lacedaemoniis
1354 1276 1356 1279 ·

107 1343 246 1428 pugnari
269 1347 417 1427 coeptum
440 1347 498 1426 est,
520 1343 554 1407 in
575 1343 690 1428 primis
713 1344 811 1409 stetit.
1326 1408 1328 1412 a

198 1429 304 1496 Huius
324 1432 363 1495 de
380 1431 556 1496 virtutibus
574 1432 704 1516 vitaque
722 1432 801 1496 satis
820 1433 882 1496 erit
899 1433 1030 1517 dictum,
1053 1433 1081 1497 si
1103 1432 1165 1498 hoc
1182 1444 1320 1498 unumt

109 1519 298 1604 adiunxero,
330 1521 417 1605 quod
448 1542 542 1585 nemo
574 1520 636 1584 ibit
667 1521 800 1605 infitias,
828 1520 954 1586 Thebts
986 1524 1019 1585 et
1050 1525 1125 1585 aute
1153 1519 1283 1606 Epami·
1329 1518 1331 1523 ’

109 1609 249 1673 nondam
281 1614 393 1672 natum
429 1613 462 1672 et
496 1612 573 1693 post
608 1609 748 1673 eiusdem
785 1609 952 1674 interitum
987 1612 1142 1694 perpetuo
1178 1609 1282 1673 alieno

103 1697 254 1780 'panriese
272 1697 417 1784 imperio,
435 1702 547 1761 contra
565 1719 610 1782 ea,
629 1697 783 1781 quamdiu
800 1697 855 1762 ille
873 1697 1049 1782 praefuerit
1067 1697 1283 1782 reipublicae,

108 1791 206 1870 caput
236 1786 336 1850 fnisse
368 1786 469 1850 totius
498 1783 656 1850 Graeciae.
707 1785 758 1850 Ex
785 1808 849 1870 quo
876 1786 1027 1870 intellegi
1048 1791 1156 1870 potest
1182 1807 1282 1849 unum

106 1872 271 1939 hominem
293 1875 396 1958 pluris
419 1896 515 1959 quam
539 1875 701 1938 civitatem
724 1875 831 1938 fuisse.

639 2496 732 2568 XVI.

193 2652 220 2715 1.
252 2650 458 2734 Pelopidas
490 2650 675 2736 Thebanus,
708 2652 812 2737 magis
844 2650 1008 2716 historicis
1044 2673 1141 2735 quam
1176 2651 1276 2738 vulgo

102 2744 207 2806 notus.
259 2737 358 2804 Cuius
391 2739 429 2802 de
460 2738 635 2804 virtutibus
667 2738 780 2803 dubito
813 2738 1080 2824 quemadmodum
1110 2761 1278 2823 exponam,

103 2822 190 2913 quod
221 2849 345 2912 vereor,
378 2828 405 2890 si
437 2849 487 2891 res
519 2828 676 2911 explicare
708 2828 873 2912 incipiam,
904 2850 944 2892 ne
973 2848 1040 2912 ‚non
1072 2828 1173 2891 vitam
1209 2829 1278 2892 eius

103 3018 214 3074 hierin'.
251 3019 363 3072 Ebeneo
381 3019 505 3074 nachher
522 3020 554 3073 ia
570 3035 608 3074 eo.
627 3050 662 3059 —
716 3019 755 3073 ist
764 3018 842 3073 nicht
851 3036 905 3073 von
917 3018 994 3073 einer
1003 3017 1169 3073 wirklichen
1177 3019 1279 3074 Unter⁴

102 3091 209 3159 diceret,
236 3089 323 3143 ntml.
347 3087 512 3160 Pelopidas,
539 3088 661 3144 ‘dieser'.
716 3089 798 3143 thani
818 3089 886 3159 keit,
901 3089 1021 3144 sondern
1035 3091 1278 3158 aoauveratehen,
1360 3091 1363 3095 ’

138 3168 163 3216 2.
204 3162 236 3215 ai
257 3161 402 3215 relictum
423 3161 475 3229 aia,
498 3159 538 3214 im
559 3160 593 3215 D.
617 3160 664 3216 cin
716 3160 779 3215 dala
798 3109 912 3215 lheben
931 3160 974 3214 ala
992 3160 1039 3216 ein
1057 3160 1140 3215 Staat
1158 3159 1276 3215 aweiten

102 3232 179 3287 Kaue
211 3234 278 3286 eata.
302 3264 337 3272 -
360 3248 395 3286 aa:
420 3237 445 3286 ta
471 3237 568 3286 natum
595 3231 662 3285 ‘Ab-
715 3228 1284 3301 RangesimmervondenHauptstaaten

102 3301 284 3372 kommling'3
303 3301 435 3372 cigenti?
454 3333 488 3342 -—
507 3302 548 3355 Zu
568 3303 664 3371 Neque
715 3301 809 3359 Athen
819 3302 877 3356 und
887 3301 990 3372 Sparta
1003 3302 1082 3356 mehr
1092 3302 1159 3355 oder
1168 3302 1280 3356 minder

104 3390 165 3428 vero
183 3372 238 3443 vgl.
258 3372 290 3427 A.
305 3373 336 3426 B.
352 3378 394 3426 20.
410 3404 443 3413 -
458 3390 492 3428 cx
510 3390 550 3428 me
567 3380 663 3428 natam
717 3373 863 3444 abhtngig
882 3389 948 3426 nar.
973 3405 1007 3414 -
1030 3380 1125 3427 contra
1148 3391 1180 3428 ea
1204 3372 1275 3426 ‘hin-

108 3445 161 3498 ‘ala
179 3443 271 3498 maine
289 3440 430 3497 Tochter'.
720 3445 831 3514 gegen'.
851 3476 885 3483 -
899 3445 1000 3513 pharia,
1019 3459 1081 3514 gen.
1098 3442 1192 3513 pretii.

142 3520 166 3569 3.
179 3514 237 3585 Quo
246 3521 361 3583 tempore
370 3539 405 3560 ==
413 3514 593 3584 Eotempore,
603 3530 667 3584 quo.
946 3546 1052 3554 --

106 3574 183 3641 Uber
203 3586 254 3639 das
273 3583 401 3654 Ereignis
420 3602 441 3639 a.
460 3584 525 3638 XVI
543 3590 569 3653 2,
588 3591 612 3640 3.
632 3617 666 3625 —
757 3587 785 3640 1.
804 3585 884 3638 Nach
902 3584 980 3638 einer
1002 3584 1191 3638 einleitenden
1208 3585 1279 3638 vora

107 3659 195 3723 domo,
223 3654 278 3709 abl.
307 3654 444 3724 instrum,
468 3654 540 3708 wird
566 3655 606 3709 im
632 3655 665 3709 D.
719 3656 893 3723 bemerkung
911 3656 961 3709 dea
975 3654 1189 3709 Schriitstellers
1207 3655 1279 3709 wird

109 3725 373 3795 Ortsbezeichnung.
411 3759 445 3766 -·
481 3728 567 3780 anates
609 3725 666 3780 ‘die
720 3727 866 3794 berichtct,
885 3726 947 3782 dass
966 3726 1016 3780 der
1033 3726 1182 3780 'Phebaner
1199 3726 1281 3780 Pelo

109 3795 414 3878 Schlechtgesinnten’,
443 3795 489 3850 die
512 3796 558 3851 die
584 3796 667 3850 Stadt
719 3798 800 3867 pidas
818 3815 872 3851 von
886 3797 941 3850 den
955 3796 1134 3867 Spartanam,
1154 3797 1199 3851 die
1218 3797 1278 3850 sich

108 3886 144 3921 an
162 3867 208 3923 die
226 3866 445 3922 Lacedamomer
461 3871 589 3922 verraten
606 3868 665 3921 und
719 3868 834 3922 dchur
864 3867 1018 3922 inTheben
1031 3867 1278 3938 benachtigthat-

108 3958 141 3992 zu
152 3939 246 3994 diesen
257 3937 390 4008 gehaltcn
399 3938 506 3992 hatten.
517 3971 551 3979 -
561 3940 666 3993 civilem
719 3944 775 4007 ten,
784 3887 1279 3993 desliandesverwiesenwordensei,

110 4010 191 4064 ‘fiber
218 4009 394 4116 Mitbfirger'.
419 4042 452 4049 -
476 4011 553 4064 Idem
575 4009 667 4063 libers.
758 4018 781 4065 1.
795 4010 931 4065 historicis
945 4009 1006 4062 hier
1023 4009 1088 4062 ‘den
1103 4008 1279 4063 Geschichts-

111 4081 184 4134 nach
198 4086 230 4133 A.
244 4081 274 4134 B.
296 4087 328 4133 13
347 4082 529 4150 ,ωριψιοή
547 4088 668 4149 coeptam
721 4081 891 4151 kundigen',
931 4082 1012 4150 scalpo
1055 4080 1129 4133 ‘dem
1169 4081 1280 4150 musaeu

111 4160 156 4220 est,
175 4152 214 4204 im
227 4151 259 4205 D.
280 4151 366 4206 aktiv.
386 4149 551 4205 mlt‘man’.
721 4151 892 4204 Publikum’.
913 4185 946 4190 —
973 4152 1058 4206 Caius
1081 4152 1283 4206 decanatibus

147 4229 171 4274 4.
192 4222 398 4302 Ζυμάίιιπῳετο
412 4221 466 4293 vgl.
482 4221 560 4304 A.·B.
577 4229 618 4276 16.
633 4254 666 4262 -
722 4223 894 4320 (‘Voraiige{)
933 4223 1034 4302 gehtirt
1063 4239 1103 4305 ¹zu
1134 4238 1267 4291 expertum

111 4301 215 4361 amana,
229 4310 268 4345 rm
276 4293 309 4346 D.
325 4292 667 4362 emSubctantiv.-per-
723 4294 816 4348 dubito
855 4293 906 4347 bm
920 4311 967 4356 ,m
997 4292 1130 4346 Zweilel’.
1164 4325 1197 4332 -
1232 4310 1276 4346 rea

109 4372 192 4432 pecco
210 4363 300 4434 (adv.)
319 4365 409 4420 olicrw
418 4366 669 4434 pernimiam
722 4364 806 4418 naml.
817 4362 1282 4439 geatameaplicarelvollstitndig)
