<?xml version="1.0" encoding="UTF-8"?>
<!DOCTYPE html PUBLIC "-//W3C//DTD XHTML 1.0 Transitional//EN"
    "http://www.w3.org/TR/xhtml1/DTD/xhtml1-transitional.dtd">
<html xmlns="http://www.w3.org/1999/xhtml" xml:lang="en" lang="en">
 <head>
  <title>
</title>
<meta http-equiv="Content-Type" content="text/html;charset=utf-8" />
  <meta name='ocr-system' content='tesseract 3.04.00' />
  <meta name='ocr-capabilities' content='ocr_page ocr_carea ocr_par ocr_line ocrx_word'/>
</head>
<body>
  <div class='ocr_page' id='page_1' title='image "./corneliusneposf00stangoog_0123.png"; bbox 0 0 2850 4740; ppageno 0'>
   <div class='ocr_carea' id='block_1_1' title="bbox 458 210 1281 278">
    <p class='ocr_par' dir='ltr' id='par_1_1' title="bbox 458 210 1281 278">
     <span class='ocr_line' id='line_1_1' title="bbox 458 210 1281 278; baseline 0.002 -13"><span class='ocrx_word' id='word_1_1' title='bbox 458 211 529 266; x_wconf 84' lang='lat' dir='ltr'>XVI.</span> <span class='ocrx_word' id='word_1_2' title='bbox 558 210 764 266; x_wconf 78' lang='lat' dir='ltr'><strong>PELOPIDAS.</strong></span> <span class='ocrx_word' id='word_1_3' title='bbox 802 211 923 266; x_wconf 80' lang='lat' dir='ltr'>CAR-1.</span> <span class='ocrx_word' id='word_1_4' title='bbox 1235 214 1281 278; x_wconf 83' lang='lat'><strong>89</strong></span> 
     </span>
    </p>
   </div>
   <div class='ocr_carea' id='block_1_2' title="bbox 103 373 1352 1962">
    <p class='ocr_par' dir='ltr' id='par_1_2' title="bbox 105 373 1315 811">
     <span class='ocr_line' id='line_1_2' title="bbox 106 373 1281 459; baseline 0.001 -21"><span class='ocrx_word' id='word_1_5' title='bbox 106 396 180 438; x_wconf 90' lang='lat' dir='ltr'><strong>eum</strong></span> <span class='ocrx_word' id='word_1_6' title='bbox 208 374 241 438; x_wconf 92' lang='lat' dir='ltr'><strong>in</strong></span> <span class='ocrx_word' id='word_1_7' title='bbox 269 396 307 439; x_wconf 92' lang='lat' dir='ltr'><strong>eo</strong></span> <span class='ocrx_word' id='word_1_8' title='bbox 334 374 457 459; x_wconf 76' lang='lat' dir='ltr'>patriae</span> <span class='ocrx_word' id='word_1_9' title='bbox 484 373 649 438; x_wconf 89' lang='lat' dir='ltr'><strong>consulere</strong></span> <span class='ocrx_word' id='word_1_10' title='bbox 677 373 809 459; x_wconf 90' lang='lat' dir='ltr'><strong>diceret,</strong></span> <span class='ocrx_word' id='word_1_11' title='bbox 835 373 923 457; x_wconf 91' lang='lat' dir='ltr'><strong>quod</strong></span> <span class='ocrx_word' id='word_1_12' title='bbox 948 373 1068 438; x_wconf 89' lang='lat' dir='ltr'><strong>liberos</strong></span> <span class='ocrx_word' id='word_1_13' title='bbox 1095 395 1160 438; x_wconf 91' lang='lat' dir='ltr'><strong>non</strong></span> <span class='ocrx_word' id='word_1_14' title='bbox 1187 375 1281 440; x_wconf 91' lang='lat' dir='ltr'><strong>relin-</strong></span> 
     </span>
     <span class='ocr_line' id='line_1_3' title="bbox 105 461 1315 547; baseline 0.002 -20"><span class='ocrx_word' id='word_1_15' title='bbox 105 467 227 547; x_wconf 82' lang='lat' dir='ltr'><strong>queret,</strong></span> <span class='ocrx_word' id='word_1_16' title='bbox 249 461 365 547; x_wconf 78' lang='lat' dir='ltr'><strong>‘Vide&#39;,</strong></span> <span class='ocrx_word' id='word_1_17' title='bbox 387 461 507 546; x_wconf 91' lang='lat' dir='ltr'><strong>inquit,</strong></span> <span class='ocrx_word' id='word_1_18' title='bbox 530 463 585 526; x_wconf 78' lang='lat' dir='ltr'><strong>‘ue</strong></span> <span class='ocrx_word' id='word_1_19' title='bbox 608 466 646 525; x_wconf 88' lang='lat' dir='ltr'><strong>tu</strong></span> <span class='ocrx_word' id='word_1_20' title='bbox 668 462 759 547; x_wconf 86' lang='lat' dir='ltr'><strong>peius</strong></span> <span class='ocrx_word' id='word_1_21' title='bbox 782 462 944 547; x_wconf 87' lang='lat' dir='ltr'><strong>consulas,</strong></span> <span class='ocrx_word' id='word_1_22' title='bbox 971 462 1027 546; x_wconf 92' lang='lat' dir='ltr'><strong>qui</strong></span> <span class='ocrx_word' id='word_1_23' title='bbox 1055 463 1153 527; x_wconf 91' lang='lat' dir='ltr'><strong>talem</strong></span> <span class='ocrx_word' id='word_1_24' title='bbox 1181 485 1220 528; x_wconf 84' lang='lat' dir='ltr'><strong>ex</strong></span> <span class='ocrx_word' id='word_1_25' title='bbox 1247 467 1315 529; x_wconf 75' lang='lat' dir='ltr'><strong>tea</strong></span> 
     </span>
     <span class='ocr_line' id='line_1_4' title="bbox 105 549 1279 635; baseline 0.001 -20"><span class='ocrx_word' id='word_1_26' title='bbox 105 556 218 615; x_wconf 90' lang='lat' dir='ltr'><strong>natum</strong></span> <span class='ocrx_word' id='word_1_27' title='bbox 245 551 415 616; x_wconf 89' lang='lat' dir='ltr'><strong>relicturus</strong></span> <span class='ocrx_word' id='word_1_28' title='bbox 447 550 500 614; x_wconf 87' lang='lat' dir='ltr'><strong>sis.</strong></span> <span class='ocrx_word' id='word_1_29' title='bbox 549 549 663 635; x_wconf 80' lang='lat' dir='ltr'><strong>Neque</strong></span> <span class='ocrx_word' id='word_1_30' title='bbox 690 572 766 614; x_wconf 84' lang='lat' dir='ltr'><strong>vero</strong></span> <span class='ocrx_word' id='word_1_31' title='bbox 793 551 893 635; x_wconf 77' lang='lat' dir='ltr'>stirps</span> <span class='ocrx_word' id='word_1_32' title='bbox 919 550 1000 615; x_wconf 92' lang='lat' dir='ltr'><strong>mihi</strong></span> <span class='ocrx_word' id='word_1_33' title='bbox 1026 554 1135 634; x_wconf 89' lang='lat' dir='ltr'><strong>potest</strong></span> <span class='ocrx_word' id='word_1_34' title='bbox 1162 552 1279 617; x_wconf 80' lang='lat' dir='ltr'><strong>deesse.</strong></span> 
     </span>
     <span class='ocr_line' id='line_1_5' title="bbox 105 637 1280 725; baseline 0 -21"><span class='ocrx_word' id='word_1_35' title='bbox 105 638 255 725; x_wconf 81' lang='lat' dir='ltr'><strong>Namque</strong></span> <span class='ocrx_word' id='word_1_36' title='bbox 276 661 316 704; x_wconf 84' lang='lat' dir='ltr'><strong>ex</strong></span> <span class='ocrx_word' id='word_1_37' title='bbox 338 661 390 704; x_wconf 91' lang='lat' dir='ltr'><strong>me</strong></span> <span class='ocrx_word' id='word_1_38' title='bbox 412 642 521 702; x_wconf 87' lang='lat' dir='ltr'><strong>natam</strong></span> <span class='ocrx_word' id='word_1_39' title='bbox 543 639 691 724; x_wconf 89' lang='lat' dir='ltr'><strong>relinquo</strong></span> <span class='ocrx_word' id='word_1_40' title='bbox 713 660 855 724; x_wconf 83' lang='lat' dir='ltr'><strong>pugnam</strong></span> <span class='ocrx_word' id='word_1_41' title='bbox 877 637 1088 723; x_wconf 75' lang='lat' dir='ltr'><strong>Leuctricam,</strong></span> <span class='ocrx_word' id='word_1_42' title='bbox 1111 661 1192 724; x_wconf 91' lang='lat' dir='ltr'><strong>quae</strong></span> <span class='ocrx_word' id='word_1_43' title='bbox 1214 661 1280 704; x_wconf 89' lang='lat' dir='ltr'><strong>non</strong></span> 
     </span>
     <span class='ocr_line' id='line_1_6' title="bbox 105 727 1221 811; baseline 0.001 -20"><span class='ocrx_word' id='word_1_44' title='bbox 105 728 202 793; x_wconf 92' lang='lat' dir='ltr'><strong>modo</strong></span> <span class='ocrx_word' id='word_1_45' title='bbox 224 727 304 792; x_wconf 87' lang='lat' dir='ltr'><strong>mihi</strong></span> <span class='ocrx_word' id='word_1_46' title='bbox 328 730 499 811; x_wconf 89' lang='lat' dir='ltr'><strong>superstes,</strong></span> <span class='ocrx_word' id='word_1_47' title='bbox 522 727 577 791; x_wconf 91' lang='lat' dir='ltr'><strong>sed</strong></span> <span class='ocrx_word' id='word_1_48' title='bbox 599 727 697 792; x_wconf 89' lang='lat' dir='ltr'><strong>etiam</strong></span> <span class='ocrx_word' id='word_1_49' title='bbox 719 727 912 793; x_wconf 84' lang='lat' dir='ltr'><strong>immortalis</strong></span> <span class='ocrx_word' id='word_1_50' title='bbox 935 728 979 791; x_wconf 88' lang='lat' dir='ltr'><strong>sit</strong></span> <span class='ocrx_word' id='word_1_51' title='bbox 1001 749 1129 792; x_wconf 90' lang='lat' dir='ltr'><strong>necesse</strong></span> <span class='ocrx_word' id='word_1_52' title='bbox 1151 729 1221 792; x_wconf 85' lang='lat' dir='ltr'><strong>est&#39;.</strong></span> 
     </span>
    </p>

    <p class='ocr_par' dir='ltr' id='par_1_3' title="bbox 103 809 1352 1432">
     <span class='ocr_line' id='line_1_7' title="bbox 194 809 1314 904; baseline -0.001 -22"><span class='ocrx_word' id='word_1_53' title='bbox 194 814 264 904; x_wconf 83' lang='lat' dir='ltr'><strong>Quo</strong></span> <span class='ocrx_word' id='word_1_54' title='bbox 287 820 431 900; x_wconf 90' lang='lat' dir='ltr'><strong>tempore</strong></span> <span class='ocrx_word' id='word_1_55' title='bbox 454 809 534 880; x_wconf 90' lang='lat' dir='ltr'><strong>duce</strong></span> <span class='ocrx_word' id='word_1_56' title='bbox 553 814 707 900; x_wconf 80' lang='lat' dir='ltr'><strong>Pelopida</strong></span> <span class='ocrx_word' id='word_1_57' title='bbox 729 816 855 880; x_wconf 84' lang='lat' dir='ltr'><strong>exsules</strong></span> <span class='ocrx_word' id='word_1_58' title='bbox 878 815 1004 880; x_wconf 81' lang='lat' dir='ltr'><strong>Thebas</strong></span> <span class='ocrx_word' id='word_1_59' title='bbox 1028 821 1225 899; x_wconf 88' lang='lat' dir='ltr'><strong>occuparunt</strong></span> <span class='ocrx_word' id='word_1_60' title='bbox 1247 819 1314 882; x_wconf 76' lang='lat' dir='ltr'><strong>ece</strong></span> 
     </span>
     <span class='ocr_line' id='line_1_8' title="bbox 105 902 1335 990; baseline 0.003 -21"><span class='ocrx_word' id='word_1_61' title='bbox 105 904 300 988; x_wconf 76' lang='lat' dir='ltr'><strong>praesidium</strong></span> <span class='ocrx_word' id='word_1_62' title='bbox 317 902 642 968; x_wconf 70' lang='lat' dir='ltr'><strong>Lacedaemoniorum</strong></span> <span class='ocrx_word' id='word_1_63' title='bbox 665 925 704 968; x_wconf 84' lang='lat' dir='ltr'><strong>ex</strong></span> <span class='ocrx_word' id='word_1_64' title='bbox 722 926 794 968; x_wconf 88' lang='lat' dir='ltr'><strong>arce</strong></span> <span class='ocrx_word' id='word_1_65' title='bbox 812 904 1013 989; x_wconf 81' lang='lat' dir='ltr'><strong>expulerunt,</strong></span> <span class='ocrx_word' id='word_1_66' title='bbox 1031 904 1280 990; x_wconf 82' lang='lat' dir='ltr'><strong>Epaminondae,</strong></span> <span class='ocrx_word' id='word_1_67' title='bbox 1293 927 1335 973; x_wconf 76' lang='lat' dir='ltr'><strong>rw</strong></span> 
     </span>
     <span class='ocr_line' id='line_1_9' title="bbox 106 988 1279 1078; baseline 0 -20"><span class='ocrx_word' id='word_1_68' title='bbox 106 993 259 1077; x_wconf 88' lang='lat' dir='ltr'><strong>quamdiu</strong></span> <span class='ocrx_word' id='word_1_69' title='bbox 285 992 370 1056; x_wconf 86' lang='lat' dir='ltr'><strong>facta</strong></span> <span class='ocrx_word' id='word_1_70' title='bbox 392 995 442 1057; x_wconf 89' lang='lat' dir='ltr'><strong>est</strong></span> <span class='ocrx_word' id='word_1_71' title='bbox 463 992 575 1056; x_wconf 89' lang='lat' dir='ltr'><strong>caedes</strong></span> <span class='ocrx_word' id='word_1_72' title='bbox 597 993 729 1078; x_wconf 81' lang='lat' dir='ltr'><strong>civium,</strong></span> <span class='ocrx_word' id='word_1_73' title='bbox 752 988 847 1058; x_wconf 89' lang='lat' dir='ltr'><strong>domo</strong></span> <span class='ocrx_word' id='word_1_74' title='bbox 870 1015 905 1058; x_wconf 91' lang='lat' dir='ltr'><strong>se</strong></span> <span class='ocrx_word' id='word_1_75' title='bbox 926 993 1045 1078; x_wconf 90' lang='lat' dir='ltr'><strong>tenuit,</strong></span> <span class='ocrx_word' id='word_1_76' title='bbox 1068 993 1155 1078; x_wconf 90' lang='lat' dir='ltr'><strong>quod</strong></span> <span class='ocrx_word' id='word_1_77' title='bbox 1176 1014 1279 1078; x_wconf 89' lang='lat' dir='ltr'><strong>neque</strong></span> 
     </span>
     <span class='ocr_line' id='line_1_10' title="bbox 106 1080 1280 1168; baseline 0.002 -24"><span class='ocrx_word' id='word_1_78' title='bbox 106 1081 274 1146; x_wconf 87' lang='lat' dir='ltr'><strong>defendere</strong></span> <span class='ocrx_word' id='word_1_79' title='bbox 300 1081 403 1155; x_wconf 88' lang='lat' dir='ltr'><strong>malos</strong></span> <span class='ocrx_word' id='word_1_80' title='bbox 426 1080 556 1145; x_wconf 84' lang='lat' dir='ltr'><strong>volebat</strong></span> <span class='ocrx_word' id='word_1_81' title='bbox 581 1102 685 1166; x_wconf 92' lang='lat' dir='ltr'><strong>neque</strong></span> <span class='ocrx_word' id='word_1_82' title='bbox 711 1082 914 1168; x_wconf 81' lang='lat' dir='ltr'><strong>impugnare,</strong></span> <span class='ocrx_word' id='word_1_83' title='bbox 939 1103 980 1146; x_wconf 90' lang='lat' dir='ltr'><strong>ne</strong></span> <span class='ocrx_word' id='word_1_84' title='bbox 1006 1103 1121 1146; x_wconf 88' lang='lat' dir='ltr'><strong>manus</strong></span> <span class='ocrx_word' id='word_1_85' title='bbox 1148 1101 1280 1148; x_wconf 89' lang='lat' dir='ltr'><strong>suorum</strong></span> 
     </span>
     <span class='ocr_line' id='line_1_11' title="bbox 106 1166 1301 1254; baseline 0 -20"><span class='ocrx_word' id='word_1_86' title='bbox 106 1169 265 1254; x_wconf 81' lang='lat' dir='ltr'><strong>sanguine.</strong></span> <span class='ocrx_word' id='word_1_87' title='bbox 275 1172 464 1235; x_wconf 87' lang='lat' dir='ltr'><strong>cruentaret.</strong></span> <span class='ocrx_word' id='word_1_88' title='bbox 491 1166 640 1254; x_wconf 88' lang='lat' dir='ltr'><strong>Namque</strong></span> <span class='ocrx_word' id='word_1_89' title='bbox 654 1191 782 1235; x_wconf 89' lang='lat' dir='ltr'><strong>omnem</strong></span> <span class='ocrx_word' id='word_1_90' title='bbox 796 1169 922 1234; x_wconf 81' lang='lat' dir='ltr'><strong>civilem</strong></span> <span class='ocrx_word' id='word_1_91' title='bbox 936 1170 1105 1235; x_wconf 85' lang='lat' dir='ltr'><strong>victoriam</strong></span> <span class='ocrx_word' id='word_1_92' title='bbox 1118 1171 1280 1236; x_wconf 79' lang='lat' dir='ltr'><strong>funestam</strong></span> <span class='ocrx_word' id='word_1_93' title='bbox 1298 1245 1301 1250; x_wconf 26' lang='lat'><strong>¹</strong></span> 
     </span>
     <span class='ocr_line' id='line_1_12' title="bbox 105 1256 1352 1343; baseline 0 -21"><span class='ocrx_word' id='word_1_94' title='bbox 105 1257 249 1343; x_wconf 83' lang='lat' dir='ltr'><strong>putabat</strong></span> <span class='ocrx_word' id='word_1_95' title='bbox 293 1256 392 1343; x_wconf 90' lang='lat' dir='ltr'><strong>Idem,</strong></span> <span class='ocrx_word' id='word_1_96' title='bbox 417 1261 590 1342; x_wconf 79' lang='lat' dir='ltr'><strong>postquam</strong></span> <span class='ocrx_word' id='word_1_97' title='bbox 617 1259 703 1342; x_wconf 86' lang='lat' dir='ltr'><strong>apud</strong></span> <span class='ocrx_word' id='word_1_98' title='bbox 726 1257 896 1323; x_wconf 73' lang='lat' dir='ltr'><strong>Cadmeam</strong></span> <span class='ocrx_word' id='word_1_99' title='bbox 923 1281 996 1323; x_wconf 92' lang='lat' dir='ltr'><strong>cum</strong></span> <span class='ocrx_word' id='word_1_100' title='bbox 1018 1256 1279 1324; x_wconf 84' lang='lat' dir='ltr'><strong>Lacedaemoniis</strong></span> <span class='ocrx_word' id='word_1_101' title='bbox 1350 1277 1352 1281; x_wconf 84' lang='lat'>·</span> 
     </span>
     <span class='ocr_line' id='line_1_13' title="bbox 103 1346 1324 1432; baseline 0.003 -22"><span class='ocrx_word' id='word_1_102' title='bbox 103 1347 242 1432; x_wconf 76' lang='lat' dir='ltr'><strong>pugnari</strong></span> <span class='ocrx_word' id='word_1_103' title='bbox 265 1351 413 1430; x_wconf 91' lang='lat' dir='ltr'><strong>coeptum</strong></span> <span class='ocrx_word' id='word_1_104' title='bbox 435 1350 494 1430; x_wconf 74' lang='lat' dir='ltr'><strong>est,</strong></span> <span class='ocrx_word' id='word_1_105' title='bbox 516 1346 550 1411; x_wconf 91' lang='lat' dir='ltr'><strong>in</strong></span> <span class='ocrx_word' id='word_1_106' title='bbox 572 1347 685 1431; x_wconf 84' lang='lat' dir='ltr'><strong>primis</strong></span> <span class='ocrx_word' id='word_1_107' title='bbox 709 1347 807 1411; x_wconf 88' lang='lat' dir='ltr'><strong>stetit.</strong></span> <span class='ocrx_word' id='word_1_108' title='bbox 1322 1410 1324 1414; x_wconf 12' lang='grc' dir='ltr'><em>Α</em></span> 
     </span>
    </p>

    <p class='ocr_par' dir='ltr' id='par_1_4' title="bbox 103 1433 1327 1962">
     <span class='ocr_line' id='line_1_14' title="bbox 160 1433 1316 1520; baseline 0.002 -22"><span class='ocrx_word' id='word_1_109' title='bbox 160 1511 161 1515; x_wconf 10' lang='lat'>¹</span> <span class='ocrx_word' id='word_1_110' title='bbox 194 1433 300 1500; x_wconf 90' lang='lat' dir='ltr'><strong>Huius</strong></span> <span class='ocrx_word' id='word_1_111' title='bbox 320 1436 358 1499; x_wconf 91' lang='lat' dir='ltr'><strong>de</strong></span> <span class='ocrx_word' id='word_1_112' title='bbox 376 1434 552 1499; x_wconf 84' lang='lat' dir='ltr'><strong>virtutibus</strong></span> <span class='ocrx_word' id='word_1_113' title='bbox 570 1435 699 1520; x_wconf 85' lang='lat' dir='ltr'><strong>vitaque</strong></span> <span class='ocrx_word' id='word_1_114' title='bbox 718 1435 797 1500; x_wconf 86' lang='lat' dir='ltr'><strong>satis</strong></span> <span class='ocrx_word' id='word_1_115' title='bbox 815 1435 878 1500; x_wconf 91' lang='lat' dir='ltr'><strong>erit</strong></span> <span class='ocrx_word' id='word_1_116' title='bbox 895 1436 1026 1519; x_wconf 92' lang='lat' dir='ltr'><strong>dictum,</strong></span> <span class='ocrx_word' id='word_1_117' title='bbox 1049 1435 1077 1499; x_wconf 89' lang='lat' dir='ltr'><strong>si</strong></span> <span class='ocrx_word' id='word_1_118' title='bbox 1098 1434 1161 1500; x_wconf 88' lang='lat' dir='ltr'><strong>hoe</strong></span> <span class='ocrx_word' id='word_1_119' title='bbox 1178 1455 1280 1499; x_wconf 92' lang='lat' dir='ltr'><strong>unum</strong></span> <span class='ocrx_word' id='word_1_120' title='bbox 1296 1447 1316 1500; x_wconf 74' lang='grc'><strong>1</strong></span> 
     </span>
     <span class='ocr_line' id='line_1_15' title="bbox 105 1520 1327 1609; baseline -0.002 -21"><span class='ocrx_word' id='word_1_121' title='bbox 105 1523 294 1608; x_wconf 84' lang='lat' dir='ltr'><strong>adiunxero,</strong></span> <span class='ocrx_word' id='word_1_122' title='bbox 326 1525 413 1608; x_wconf 91' lang='lat' dir='ltr'><strong>quod</strong></span> <span class='ocrx_word' id='word_1_123' title='bbox 444 1545 539 1588; x_wconf 90' lang='lat' dir='ltr'><strong>nemo</strong></span> <span class='ocrx_word' id='word_1_124' title='bbox 570 1522 632 1588; x_wconf 88' lang='lat' dir='ltr'><strong>ibit</strong></span> <span class='ocrx_word' id='word_1_125' title='bbox 663 1524 797 1609; x_wconf 85' lang='lat' dir='ltr'><strong>infitias,</strong></span> <span class='ocrx_word' id='word_1_126' title='bbox 824 1523 950 1588; x_wconf 76' lang='lat' dir='ltr'><strong>Thebas</strong></span> <span class='ocrx_word' id='word_1_127' title='bbox 982 1526 1015 1587; x_wconf 92' lang='lat' dir='ltr'><strong>et</strong></span> <span class='ocrx_word' id='word_1_128' title='bbox 1046 1527 1120 1588; x_wconf 88' lang='lat' dir='ltr'><strong>ante</strong></span> <span class='ocrx_word' id='word_1_129' title='bbox 1149 1521 1279 1608; x_wconf 82' lang='lat' dir='ltr'><strong>Epami·</strong></span> <span class='ocrx_word' id='word_1_130' title='bbox 1325 1520 1327 1525; x_wconf 73' lang='grc'>’</span> 
     </span>
     <span class='ocr_line' id='line_1_16' title="bbox 105 1611 1278 1696; baseline -0.001 -20"><span class='ocrx_word' id='word_1_131' title='bbox 105 1613 246 1676; x_wconf 88' lang='lat' dir='ltr'><strong>nondam</strong></span> <span class='ocrx_word' id='word_1_132' title='bbox 277 1618 389 1676; x_wconf 87' lang='lat' dir='ltr'><strong>natum</strong></span> <span class='ocrx_word' id='word_1_133' title='bbox 425 1617 458 1676; x_wconf 92' lang='lat' dir='ltr'><strong>et</strong></span> <span class='ocrx_word' id='word_1_134' title='bbox 492 1616 569 1695; x_wconf 91' lang='lat' dir='ltr'><strong>post</strong></span> <span class='ocrx_word' id='word_1_135' title='bbox 604 1612 745 1676; x_wconf 90' lang='lat' dir='ltr'><strong>eiusdem</strong></span> <span class='ocrx_word' id='word_1_136' title='bbox 781 1613 948 1676; x_wconf 86' lang='lat' dir='ltr'><strong>interitum</strong></span> <span class='ocrx_word' id='word_1_137' title='bbox 983 1615 1138 1696; x_wconf 89' lang='lat' dir='ltr'><strong>perpetuo</strong></span> <span class='ocrx_word' id='word_1_138' title='bbox 1174 1611 1278 1676; x_wconf 88' lang='lat' dir='ltr'><strong>alieno</strong></span> 
     </span>
     <span class='ocr_line' id='line_1_17' title="bbox 104 1699 1279 1787; baseline -0.001 -23"><span class='ocrx_word' id='word_1_139' title='bbox 104 1702 250 1785; x_wconf 90' lang='lat' dir='ltr'><strong>paruisse</strong></span> <span class='ocrx_word' id='word_1_140' title='bbox 268 1701 413 1787; x_wconf 91' lang='lat' dir='ltr'><strong>imperio,</strong></span> <span class='ocrx_word' id='word_1_141' title='bbox 431 1704 543 1765; x_wconf 90' lang='lat' dir='ltr'><strong>contra</strong></span> <span class='ocrx_word' id='word_1_142' title='bbox 561 1723 606 1785; x_wconf 91' lang='lat' dir='ltr'><strong>ea,</strong></span> <span class='ocrx_word' id='word_1_143' title='bbox 625 1701 779 1785; x_wconf 88' lang='lat' dir='ltr'><strong>quamdiu</strong></span> <span class='ocrx_word' id='word_1_144' title='bbox 796 1701 851 1765; x_wconf 89' lang='lat' dir='ltr'><strong>ille</strong></span> <span class='ocrx_word' id='word_1_145' title='bbox 869 1700 1045 1785; x_wconf 86' lang='lat' dir='ltr'><strong>praefuerit</strong></span> <span class='ocrx_word' id='word_1_146' title='bbox 1063 1701 1109 1765; x_wconf 93' lang='lat' dir='ltr'><strong>rei</strong></span> <span class='ocrx_word' id='word_1_147' title='bbox 1122 1699 1279 1784; x_wconf 92' lang='lat' dir='ltr'><strong>publicae,</strong></span> 
     </span>
     <span class='ocr_line' id='line_1_18' title="bbox 105 1787 1278 1874; baseline -0.002 -21"><span class='ocrx_word' id='word_1_148' title='bbox 105 1794 202 1874; x_wconf 89' lang='lat' dir='ltr'><strong>caput</strong></span> <span class='ocrx_word' id='word_1_149' title='bbox 232 1790 333 1854; x_wconf 86' lang='lat' dir='ltr'><strong>fuisse</strong></span> <span class='ocrx_word' id='word_1_150' title='bbox 364 1789 466 1854; x_wconf 89' lang='lat' dir='ltr'><strong>totius</strong></span> <span class='ocrx_word' id='word_1_151' title='bbox 495 1787 652 1854; x_wconf 84' lang='lat' dir='ltr'><strong>Graeciae.</strong></span> <span class='ocrx_word' id='word_1_152' title='bbox 703 1789 753 1853; x_wconf 83' lang='lat' dir='ltr'><strong>Ex</strong></span> <span class='ocrx_word' id='word_1_153' title='bbox 782 1811 845 1874; x_wconf 91' lang='lat' dir='ltr'><strong>quo</strong></span> <span class='ocrx_word' id='word_1_154' title='bbox 873 1789 1023 1873; x_wconf 74' lang='lat' dir='ltr'><strong>intellegi</strong></span> <span class='ocrx_word' id='word_1_155' title='bbox 1044 1793 1152 1872; x_wconf 89' lang='lat' dir='ltr'><strong>potest</strong></span> <span class='ocrx_word' id='word_1_156' title='bbox 1178 1809 1278 1852; x_wconf 87' lang='lat' dir='ltr'><strong>unum</strong></span> 
     </span>
     <span class='ocr_line' id='line_1_19' title="bbox 103 1876 827 1962; baseline 0 -21"><span class='ocrx_word' id='word_1_157' title='bbox 103 1876 267 1943; x_wconf 91' lang='lat' dir='ltr'><strong>hominem</strong></span> <span class='ocrx_word' id='word_1_158' title='bbox 289 1879 392 1962; x_wconf 87' lang='lat' dir='ltr'><strong>pluris</strong></span> <span class='ocrx_word' id='word_1_159' title='bbox 415 1900 511 1962; x_wconf 90' lang='lat' dir='ltr'><strong>quam</strong></span> <span class='ocrx_word' id='word_1_160' title='bbox 535 1879 697 1942; x_wconf 82' lang='lat' dir='ltr'><strong>civitatem</strong></span> <span class='ocrx_word' id='word_1_161' title='bbox 720 1878 827 1942; x_wconf 83' lang='lat' dir='ltr'><strong>fuisse.</strong></span> 
     </span>
    </p>
   </div>
   <div class='ocr_carea' id='block_1_3' title="bbox 635 2499 728 2571">
    <p class='ocr_par' dir='ltr' id='par_1_5' title="bbox 635 2499 728 2571">
     <span class='ocr_line' id='line_1_20' title="bbox 635 2499 728 2571; baseline 0 -1"><span class='ocrx_word' id='word_1_162' title='bbox 635 2499 728 2571; x_wconf 86' lang='lat' dir='ltr'><strong>XVI.</strong></span> 
     </span>
    </p>
   </div>
   <div class='ocr_carea' id='block_1_4' title="bbox 98 2653 1275 2918">
    <p class='ocr_par' dir='ltr' id='par_1_6' title="bbox 98 2653 1275 2918">
     <span class='ocr_line' id='line_1_21' title="bbox 190 2653 1273 2740; baseline -0.001 -22"><span class='ocrx_word' id='word_1_163' title='bbox 190 2657 217 2718; x_wconf 91' lang='lat'><strong>1.</strong></span> <span class='ocrx_word' id='word_1_164' title='bbox 249 2654 455 2739; x_wconf 82' lang='lat' dir='ltr'><strong>Pelopidas</strong></span> <span class='ocrx_word' id='word_1_165' title='bbox 487 2653 672 2738; x_wconf 79' lang='lat' dir='ltr'><strong>Thebanus,</strong></span> <span class='ocrx_word' id='word_1_166' title='bbox 705 2653 809 2740; x_wconf 82' lang='lat' dir='ltr'><strong>magis</strong></span> <span class='ocrx_word' id='word_1_167' title='bbox 840 2653 1004 2718; x_wconf 74' lang='lat' dir='ltr'><strong>historicis</strong></span> <span class='ocrx_word' id='word_1_168' title='bbox 1041 2675 1137 2737; x_wconf 88' lang='lat' dir='ltr'><strong>quam</strong></span> <span class='ocrx_word' id='word_1_169' title='bbox 1173 2653 1273 2740; x_wconf 72' lang='lat' dir='ltr'><strong>vulgo</strong></span> 
     </span>
     <span class='ocr_line' id='line_1_22' title="bbox 98 2741 1274 2826; baseline -0.003 -18"><span class='ocrx_word' id='word_1_170' title='bbox 98 2749 204 2810; x_wconf 87' lang='lat' dir='ltr'><strong>notus.</strong></span> <span class='ocrx_word' id='word_1_171' title='bbox 255 2742 355 2808; x_wconf 77' lang='lat' dir='ltr'><strong>Cuius</strong></span> <span class='ocrx_word' id='word_1_172' title='bbox 387 2742 425 2806; x_wconf 91' lang='lat' dir='ltr'><strong>de</strong></span> <span class='ocrx_word' id='word_1_173' title='bbox 456 2742 632 2806; x_wconf 80' lang='lat' dir='ltr'><strong>virtutibus</strong></span> <span class='ocrx_word' id='word_1_174' title='bbox 664 2741 777 2806; x_wconf 93' lang='lat' dir='ltr'><strong>dubito</strong></span> <span class='ocrx_word' id='word_1_175' title='bbox 809 2742 1076 2826; x_wconf 87' lang='lat' dir='ltr'><strong>quemadmodum</strong></span> <span class='ocrx_word' id='word_1_176' title='bbox 1106 2743 1274 2825; x_wconf 85' lang='lat' dir='ltr'><strong>exponam,</strong></span> 
     </span>
     <span class='ocr_line' id='line_1_23' title="bbox 100 2826 1275 2918; baseline -0.003 -21"><span class='ocrx_word' id='word_1_177' title='bbox 100 2826 186 2918; x_wconf 90' lang='lat' dir='ltr'><strong>quod</strong></span> <span class='ocrx_word' id='word_1_178' title='bbox 217 2853 342 2915; x_wconf 85' lang='lat' dir='ltr'><strong>vereor,</strong></span> <span class='ocrx_word' id='word_1_179' title='bbox 374 2831 402 2894; x_wconf 91' lang='lat' dir='ltr'><strong>si</strong></span> <span class='ocrx_word' id='word_1_180' title='bbox 433 2852 484 2895; x_wconf 90' lang='lat' dir='ltr'><strong>res</strong></span> <span class='ocrx_word' id='word_1_181' title='bbox 515 2830 673 2914; x_wconf 87' lang='lat' dir='ltr'><strong>explicare</strong></span> <span class='ocrx_word' id='word_1_182' title='bbox 705 2830 869 2914; x_wconf 90' lang='lat' dir='ltr'><strong>incipiam,</strong></span> <span class='ocrx_word' id='word_1_183' title='bbox 901 2852 941 2894; x_wconf 90' lang='lat' dir='ltr'><strong>ne</strong></span> <span class='ocrx_word' id='word_1_184' title='bbox 970 2851 1037 2914; x_wconf 82' lang='lat' dir='ltr'><strong>¹nou</strong></span> <span class='ocrx_word' id='word_1_185' title='bbox 1069 2830 1169 2894; x_wconf 86' lang='lat' dir='ltr'><strong>vitam</strong></span> <span class='ocrx_word' id='word_1_186' title='bbox 1205 2831 1275 2894; x_wconf 84' lang='lat' dir='ltr'><strong>eiua</strong></span> 
     </span>
    </p>
   </div>
   <div class='ocr_carea' id='block_1_5' title="bbox 99 3019 1359 3880">
    <p class='ocr_par' dir='ltr' id='par_1_7' title="bbox 99 3019 1359 3880">
     <span class='ocr_line' id='line_1_24' title="bbox 100 3019 1276 3078; baseline -0.003 0"><span class='ocrx_word' id='word_1_187' title='bbox 100 3023 211 3078; x_wconf 87' lang='lat' dir='ltr'><strong>hierin’.</strong></span> <span class='ocrx_word' id='word_1_188' title='bbox 248 3023 363 3077; x_wconf 60' lang='lat' dir='ltr'><strong>Ebenso,</strong></span> <span class='ocrx_word' id='word_1_189' title='bbox 377 3022 501 3077; x_wconf 89' lang='lat' dir='ltr'><strong>nachher</strong></span> <span class='ocrx_word' id='word_1_190' title='bbox 518 3023 550 3076; x_wconf 80' lang='lat' dir='ltr'><strong>ia</strong></span> <span class='ocrx_word' id='word_1_191' title='bbox 568 3039 605 3077; x_wconf 82' lang='lat' dir='ltr'><strong>ec.</strong></span> <span class='ocrx_word' id='word_1_192' title='bbox 624 3054 659 3062; x_wconf 97' lang='lat'>—</span> <span class='ocrx_word' id='word_1_193' title='bbox 712 3021 752 3075; x_wconf 87' lang='lat' dir='ltr'><strong>ist</strong></span> <span class='ocrx_word' id='word_1_194' title='bbox 760 3021 839 3075; x_wconf 91' lang='lat' dir='ltr'><strong>nicht</strong></span> <span class='ocrx_word' id='word_1_195' title='bbox 848 3038 901 3075; x_wconf 90' lang='lat' dir='ltr'><strong>von</strong></span> <span class='ocrx_word' id='word_1_196' title='bbox 914 3020 991 3075; x_wconf 87' lang='lat' dir='ltr'><strong>einer</strong></span> <span class='ocrx_word' id='word_1_197' title='bbox 1000 3019 1166 3074; x_wconf 81' lang='lat' dir='ltr'><strong>wirklicheu</strong></span> <span class='ocrx_word' id='word_1_198' title='bbox 1173 3021 1276 3076; x_wconf 77' lang='lat' dir='ltr'><strong>Unter·</strong></span> 
     </span>
     <span class='ocr_line' id='line_1_25' title="bbox 99 3091 1359 3163; baseline -0.005 -12"><span class='ocrx_word' id='word_1_199' title='bbox 99 3096 206 3163; x_wconf 78' lang='lat' dir='ltr'><strong>diecret,</strong></span> <span class='ocrx_word' id='word_1_200' title='bbox 234 3093 320 3147; x_wconf 74' lang='lat' dir='ltr'><strong>ntml.</strong></span> <span class='ocrx_word' id='word_1_201' title='bbox 344 3092 508 3163; x_wconf 80' lang='lat' dir='ltr'><strong>Pelopidas,</strong></span> <span class='ocrx_word' id='word_1_202' title='bbox 536 3091 658 3147; x_wconf 87' lang='lat' dir='ltr'><strong>‘dieser’.</strong></span> <span class='ocrx_word' id='word_1_203' title='bbox 713 3092 794 3146; x_wconf 80' lang='lat' dir='ltr'><strong>thtni</strong></span> <span class='ocrx_word' id='word_1_204' title='bbox 815 3092 883 3161; x_wconf 84' lang='lat' dir='ltr'><strong>keit,</strong></span> <span class='ocrx_word' id='word_1_205' title='bbox 898 3092 1018 3146; x_wconf 85' lang='lat' dir='ltr'><strong>scudem</strong></span> <span class='ocrx_word' id='word_1_206' title='bbox 1031 3092 1275 3160; x_wconf 81' lang='lat' dir='ltr'><strong>soauverstehen,</strong></span> <span class='ocrx_word' id='word_1_207' title='bbox 1357 3092 1359 3097; x_wconf 86' lang='lat'>&#39;</span> 
     </span>
     <span class='ocr_line' id='line_1_26' title="bbox 135 3111 1272 3232; baseline -0.003 -14"><span class='ocrx_word' id='word_1_208' title='bbox 135 3171 160 3219; x_wconf 73' lang='lat'><strong>2.</strong></span> <span class='ocrx_word' id='word_1_209' title='bbox 221 3166 233 3219; x_wconf 80' lang='lat' dir='ltr'><strong>i</strong></span> <span class='ocrx_word' id='word_1_210' title='bbox 254 3166 399 3220; x_wconf 70' lang='lat' dir='ltr'><strong>relicimur</strong></span> <span class='ocrx_word' id='word_1_211' title='bbox 420 3165 472 3232; x_wconf 76' lang='lat' dir='ltr'><strong>eia,</strong></span> <span class='ocrx_word' id='word_1_212' title='bbox 495 3163 535 3217; x_wconf 92' lang='lat' dir='ltr'><strong>im</strong></span> <span class='ocrx_word' id='word_1_213' title='bbox 556 3163 589 3218; x_wconf 89' lang='lat' dir='ltr'><strong>D.</strong></span> <span class='ocrx_word' id='word_1_214' title='bbox 614 3163 661 3218; x_wconf 91' lang='lat' dir='ltr'><strong>ein</strong></span> <span class='ocrx_word' id='word_1_215' title='bbox 713 3163 776 3218; x_wconf 83' lang='lat' dir='ltr'><strong>dass</strong></span> <span class='ocrx_word' id='word_1_216' title='bbox 794 3111 910 3217; x_wconf 65' lang='lat' dir='ltr'><strong>lheben</strong></span> <span class='ocrx_word' id='word_1_217' title='bbox 928 3162 970 3216; x_wconf 78' lang='lat' dir='ltr'><strong>ada</strong></span> <span class='ocrx_word' id='word_1_218' title='bbox 989 3162 1035 3217; x_wconf 91' lang='lat' dir='ltr'><strong>ein</strong></span> <span class='ocrx_word' id='word_1_219' title='bbox 1054 3163 1137 3216; x_wconf 85' lang='lat' dir='ltr'><strong>Staat</strong></span> <span class='ocrx_word' id='word_1_220' title='bbox 1154 3162 1272 3216; x_wconf 83' lang='lat' dir='ltr'><strong>aweiten</strong></span> 
     </span>
     <span class='ocr_line' id='line_1_27' title="bbox 99 3230 1280 3304; baseline -0.002 -14"><span class='ocrx_word' id='word_1_221' title='bbox 99 3236 176 3290; x_wconf 88' lang='lat' dir='ltr'><strong>Kana</strong></span> <span class='ocrx_word' id='word_1_222' title='bbox 208 3238 275 3290; x_wconf 80' lang='lat' dir='ltr'><strong>sata.</strong></span> <span class='ocrx_word' id='word_1_223' title='bbox 299 3267 333 3275; x_wconf 94' lang='lat'><em>-</em></span> <span class='ocrx_word' id='word_1_224' title='bbox 357 3252 391 3289; x_wconf 75' lang='lat' dir='ltr'><strong>erc</strong></span> <span class='ocrx_word' id='word_1_225' title='bbox 417 3241 442 3290; x_wconf 81' lang='lat' dir='ltr'><strong>te</strong></span> <span class='ocrx_word' id='word_1_226' title='bbox 468 3241 565 3289; x_wconf 68' lang='lat' dir='ltr'><strong>aalma</strong></span> <span class='ocrx_word' id='word_1_227' title='bbox 592 3234 659 3287; x_wconf 89' lang='lat' dir='ltr'><strong>‘Ab-</strong></span> <span class='ocrx_word' id='word_1_228' title='bbox 712 3230 1280 3304; x_wconf 82' lang='lat' dir='ltr'><strong>RangesimmervondenHauptstaaten</strong></span> 
     </span>
     <span class='ocr_line' id='line_1_28' title="bbox 99 3301 1277 3376; baseline -0.003 -17"><span class='ocrx_word' id='word_1_229' title='bbox 99 3305 281 3376; x_wconf 78' lang='lat' dir='ltr'><strong>kdmmling&#39;3</strong></span> <span class='ocrx_word' id='word_1_230' title='bbox 300 3304 432 3376; x_wconf 69' lang='lat' dir='ltr'><strong>cigenti?</strong></span> <span class='ocrx_word' id='word_1_231' title='bbox 451 3336 485 3344; x_wconf 98' lang='lat'>-</span> <span class='ocrx_word' id='word_1_232' title='bbox 504 3301 544 3358; x_wconf 87' lang='lat' dir='ltr'><strong>Zu</strong></span> <span class='ocrx_word' id='word_1_233' title='bbox 565 3306 661 3374; x_wconf 78' lang='lat' dir='ltr'><strong>Neque</strong></span> <span class='ocrx_word' id='word_1_234' title='bbox 712 3304 807 3362; x_wconf 85' lang='lat' dir='ltr'><strong>Athen</strong></span> <span class='ocrx_word' id='word_1_235' title='bbox 815 3305 874 3358; x_wconf 90' lang='lat' dir='ltr'><strong>und</strong></span> <span class='ocrx_word' id='word_1_236' title='bbox 884 3305 986 3374; x_wconf 83' lang='lat' dir='ltr'><strong>Sparta</strong></span> <span class='ocrx_word' id='word_1_237' title='bbox 1000 3305 1079 3357; x_wconf 89' lang='lat' dir='ltr'><strong>mehr</strong></span> <span class='ocrx_word' id='word_1_238' title='bbox 1088 3303 1155 3357; x_wconf 90' lang='lat' dir='ltr'><strong>oder</strong></span> <span class='ocrx_word' id='word_1_239' title='bbox 1164 3303 1277 3357; x_wconf 87' lang='lat' dir='ltr'><strong>minder</strong></span> 
     </span>
     <span class='ocr_line' id='line_1_29' title="bbox 101 3373 1271 3501; baseline -0.005 -69"><span class='ocrx_word' id='word_1_240' title='bbox 101 3394 163 3501; x_wconf 54' lang='lat' dir='ltr'><strong>pepo</strong></span> <span class='ocrx_word' id='word_1_241' title='bbox 180 3376 235 3458; x_wconf 76' lang='lat' dir='ltr'><strong>vgl.</strong></span> <span class='ocrx_word' id='word_1_242' title='bbox 255 3376 333 3499; x_wconf 51' lang='grc' dir='ltr'>ΛΤΒ.</span> <span class='ocrx_word' id='word_1_243' title='bbox 343 3381 391 3500; x_wconf 52' lang='lat' dir='ltr'><strong>pp.</strong></span> <span class='ocrx_word' id='word_1_244' title='bbox 406 3409 441 3473; x_wconf 54' lang='lat'><strong>&#39;—</strong></span> <span class='ocrx_word' id='word_1_245' title='bbox 455 3393 489 3432; x_wconf 76' lang='lat' dir='ltr'><strong>ec</strong></span> <span class='ocrx_word' id='word_1_246' title='bbox 507 3393 547 3431; x_wconf 82' lang='lat' dir='ltr'><strong>me</strong></span> <span class='ocrx_word' id='word_1_247' title='bbox 564 3383 660 3432; x_wconf 80' lang='lat' dir='ltr'><strong>uotam</strong></span> <span class='ocrx_word' id='word_1_248' title='bbox 714 3375 860 3473; x_wconf 62' lang='lat' dir='ltr'><strong>abhtnpig</strong></span> <span class='ocrx_word' id='word_1_249' title='bbox 878 3391 949 3500; x_wconf 40' lang='lat' dir='ltr'><strong>aaa</strong></span> <span class='ocrx_word' id='word_1_250' title='bbox 970 3407 1004 3458; x_wconf 60' lang='lat'><strong>7—</strong></span> <span class='ocrx_word' id='word_1_251' title='bbox 1027 3382 1122 3430; x_wconf 81' lang='lat' dir='ltr'><strong>contro</strong></span> <span class='ocrx_word' id='word_1_252' title='bbox 1145 3392 1179 3498; x_wconf 61' lang='lat' dir='ltr'><strong>ehq</strong></span> <span class='ocrx_word' id='word_1_253' title='bbox 1201 3373 1271 3427; x_wconf 87' lang='lat' dir='ltr'><strong>‘hin-</strong></span> 
     </span>
     <span class='ocr_line' id='line_1_30' title="bbox 116 3461 1189 3514; baseline -0.005 -12"><span class='ocrx_word' id='word_1_254' title='bbox 116 3463 267 3502; x_wconf 86' lang='lat' dir='ltr'><strong>asmeme</strong></span> <span class='ocrx_word' id='word_1_255' title='bbox 310 3463 343 3500; x_wconf 93' lang='lat' dir='ltr'><strong>oc</strong></span> <span class='ocrx_word' id='word_1_256' title='bbox 377 3462 427 3500; x_wconf 87' lang='lat' dir='ltr'><strong>er.</strong></span> <span class='ocrx_word' id='word_1_257' title='bbox 773 3463 882 3501; x_wconf 88' lang='lat' dir='ltr'><strong>en.-</strong></span> <span class='ocrx_word' id='word_1_258' title='bbox 949 3463 997 3514; x_wconf 70' lang='lat' dir='ltr'><strong>rte,</strong></span> <span class='ocrx_word' id='word_1_259' title='bbox 1051 3465 1078 3500; x_wconf 86' lang='lat' dir='ltr'><strong>n.</strong></span> <span class='ocrx_word' id='word_1_260' title='bbox 1116 3461 1146 3498; x_wconf 88' lang='lat' dir='ltr'><strong>re</strong></span> <span class='ocrx_word' id='word_1_261' title='bbox 1171 3463 1189 3498; x_wconf 89' lang='lat'><strong>1.</strong></span> 
     </span>
     <span class='ocr_line' id='line_1_31' title="bbox 139 3461 1115 3589; baseline -0.004 -17"><span class='ocrx_word' id='word_1_262' title='bbox 139 3517 514 3589; x_wconf 56' lang='lat' dir='ltr'><strong>&amp;Quotmpcrmltotem</strong></span> <span class='ocrx_word' id='word_1_263' title='bbox 534 3533 664 3586; x_wconf 85' lang='lat' dir='ltr'><strong>ore,quo.</strong></span> <span class='ocrx_word' id='word_1_264' title='bbox 717 3462 773 3517; x_wconf 60' lang='lat' dir='ltr'><strong>geg</strong></span> <span class='ocrx_word' id='word_1_265' title='bbox 897 3461 1050 3556; x_wconf 47' lang='grc' dir='ltr'>Ρ--ἷθ</span> <span class='ocrx_word' id='word_1_266' title='bbox 1096 3463 1115 3514; x_wconf 70' lang='lat' dir='ltr'>p</span> 
     </span>
     <span class='ocr_line' id='line_1_32' title="bbox 104 3535 1277 3657; baseline -0.003 -13"><span class='ocrx_word' id='word_1_267' title='bbox 104 3579 180 3644; x_wconf 76' lang='lat' dir='ltr'><strong>liber</strong></span> <span class='ocrx_word' id='word_1_268' title='bbox 200 3589 251 3643; x_wconf 89' lang='lat' dir='ltr'><strong>das</strong></span> <span class='ocrx_word' id='word_1_269' title='bbox 269 3586 398 3657; x_wconf 81' lang='lat' dir='ltr'><strong>Ereiguis</strong></span> <span class='ocrx_word' id='word_1_270' title='bbox 417 3605 438 3643; x_wconf 90' lang='lat' dir='ltr'><strong>s.</strong></span> <span class='ocrx_word' id='word_1_271' title='bbox 457 3535 565 3656; x_wconf 70' lang='lat' dir='ltr'><strong>Xle2‚</strong></span> <span class='ocrx_word' id='word_1_272' title='bbox 585 3595 609 3643; x_wconf 86' lang='lat'><strong>3.</strong></span> <span class='ocrx_word' id='word_1_273' title='bbox 629 3620 663 3628; x_wconf 89' lang='lat'><em>-</em></span> <span class='ocrx_word' id='word_1_274' title='bbox 754 3590 782 3642; x_wconf 89' lang='lat'><strong>1.</strong></span> <span class='ocrx_word' id='word_1_275' title='bbox 800 3587 881 3641; x_wconf 87' lang='lat' dir='ltr'><strong>Nach</strong></span> <span class='ocrx_word' id='word_1_276' title='bbox 899 3587 977 3640; x_wconf 88' lang='lat' dir='ltr'><strong>einer</strong></span> <span class='ocrx_word' id='word_1_277' title='bbox 1000 3586 1188 3640; x_wconf 84' lang='lat' dir='ltr'><strong>eiuleitenden</strong></span> <span class='ocrx_word' id='word_1_278' title='bbox 1206 3587 1277 3640; x_wconf 55' lang='lat' dir='ltr'><strong>Vora</strong></span> 
     </span>
     <span class='ocr_line' id='line_1_33' title="bbox 104 3656 1275 3728; baseline -0.004 -13"><span class='ocrx_word' id='word_1_279' title='bbox 104 3663 192 3728; x_wconf 84' lang='lat' dir='ltr'><strong>domo,</strong></span> <span class='ocrx_word' id='word_1_280' title='bbox 220 3658 275 3713; x_wconf 87' lang='lat' dir='ltr'><strong>abl.</strong></span> <span class='ocrx_word' id='word_1_281' title='bbox 304 3658 441 3727; x_wconf 80' lang='lat' dir='ltr'><strong>instrum,</strong></span> <span class='ocrx_word' id='word_1_282' title='bbox 465 3658 537 3712; x_wconf 81' lang='lat' dir='ltr'><strong>wird</strong></span> <span class='ocrx_word' id='word_1_283' title='bbox 563 3658 602 3712; x_wconf 89' lang='lat' dir='ltr'><strong>im</strong></span> <span class='ocrx_word' id='word_1_284' title='bbox 630 3658 662 3712; x_wconf 90' lang='lat' dir='ltr'><strong>D.</strong></span> <span class='ocrx_word' id='word_1_285' title='bbox 716 3658 890 3726; x_wconf 76' lang='lat' dir='ltr'><strong>bemerkung</strong></span> <span class='ocrx_word' id='word_1_286' title='bbox 908 3658 958 3711; x_wconf 90' lang='lat' dir='ltr'><strong>des</strong></span> <span class='ocrx_word' id='word_1_287' title='bbox 972 3656 1186 3711; x_wconf 81' lang='lat' dir='ltr'><strong>Schriltstellers</strong></span> <span class='ocrx_word' id='word_1_288' title='bbox 1204 3657 1275 3710; x_wconf 86' lang='lat' dir='ltr'><strong>wird</strong></span> 
     </span>
     <span class='ocr_line' id='line_1_34' title="bbox 105 3727 1278 3799; baseline -0.003 -14"><span class='ocrx_word' id='word_1_289' title='bbox 105 3728 370 3799; x_wconf 84' lang='lat' dir='ltr'><strong>Ortsbeaeichnung.</strong></span> <span class='ocrx_word' id='word_1_290' title='bbox 408 3762 442 3769; x_wconf 80' lang='grc'><strong>-</strong></span> <span class='ocrx_word' id='word_1_291' title='bbox 478 3731 565 3783; x_wconf 68' lang='lat' dir='ltr'><strong>anulos</strong></span> <span class='ocrx_word' id='word_1_292' title='bbox 607 3728 663 3782; x_wconf 82' lang='lat' dir='ltr'><strong>‘die</strong></span> <span class='ocrx_word' id='word_1_293' title='bbox 716 3729 863 3797; x_wconf 81' lang='lat' dir='ltr'><strong>berichtet,</strong></span> <span class='ocrx_word' id='word_1_294' title='bbox 882 3728 944 3784; x_wconf 84' lang='lat' dir='ltr'><strong>dass</strong></span> <span class='ocrx_word' id='word_1_295' title='bbox 963 3728 1013 3782; x_wconf 88' lang='lat' dir='ltr'><strong>der</strong></span> <span class='ocrx_word' id='word_1_296' title='bbox 1030 3727 1179 3782; x_wconf 83' lang='lat' dir='ltr'><strong>&#39;Phebaner</strong></span> <span class='ocrx_word' id='word_1_297' title='bbox 1196 3728 1278 3782; x_wconf 67' lang='lat' dir='ltr'><strong>Pelo«</strong></span> 
     </span>
     <span class='ocr_line' id='line_1_35' title="bbox 106 3798 1275 3880; baseline -0.002 -26"><span class='ocrx_word' id='word_1_298' title='bbox 106 3799 411 3880; x_wconf 83' lang='lat' dir='ltr'><strong>Schlechtgesinnten&#39;,</strong></span> <span class='ocrx_word' id='word_1_299' title='bbox 440 3799 486 3853; x_wconf 88' lang='lat' dir='ltr'><strong>die</strong></span> <span class='ocrx_word' id='word_1_300' title='bbox 509 3799 555 3854; x_wconf 89' lang='lat' dir='ltr'><strong>die</strong></span> <span class='ocrx_word' id='word_1_301' title='bbox 581 3799 664 3853; x_wconf 83' lang='lat' dir='ltr'><strong>Stadt</strong></span> <span class='ocrx_word' id='word_1_302' title='bbox 717 3801 797 3870; x_wconf 87' lang='lat' dir='ltr'><strong>pidas</strong></span> <span class='ocrx_word' id='word_1_303' title='bbox 816 3817 869 3854; x_wconf 87' lang='lat' dir='ltr'><strong>von</strong></span> <span class='ocrx_word' id='word_1_304' title='bbox 883 3799 938 3853; x_wconf 89' lang='lat' dir='ltr'><strong>den</strong></span> <span class='ocrx_word' id='word_1_305' title='bbox 952 3798 1131 3868; x_wconf 73' lang='lat' dir='ltr'><strong>Spartanam,</strong></span> <span class='ocrx_word' id='word_1_306' title='bbox 1151 3798 1196 3852; x_wconf 88' lang='lat' dir='ltr'><strong>die</strong></span> <span class='ocrx_word' id='word_1_307' title='bbox 1216 3799 1275 3852; x_wconf 85' lang='lat' dir='ltr'><strong>sich</strong></span> 
     </span>
    </p>
   </div>
   <div class='ocr_carea' id='block_1_6' title="bbox 104 3869 1275 3994">
    <p class='ocr_par' dir='ltr' id='par_1_8' title="bbox 104 3869 1275 3994">
     <span class='ocr_line' id='line_1_36' title="bbox 104 3869 1275 3994; baseline -0.002 -69"><span class='ocrx_word' id='word_1_308' title='bbox 104 3889 141 3925; x_wconf 87' lang='lat' dir='ltr'><strong>an</strong></span> <span class='ocrx_word' id='word_1_309' title='bbox 159 3870 205 3927; x_wconf 90' lang='lat' dir='ltr'><strong>die</strong></span> <span class='ocrx_word' id='word_1_310' title='bbox 223 3871 442 3925; x_wconf 71' lang='lat' dir='ltr'><strong>Lacedtmonier</strong></span> <span class='ocrx_word' id='word_1_311' title='bbox 458 3875 586 3925; x_wconf 85' lang='lat' dir='ltr'><strong>verraten</strong></span> <span class='ocrx_word' id='word_1_312' title='bbox 603 3871 662 3923; x_wconf 90' lang='lat' dir='ltr'><strong>und</strong></span> <span class='ocrx_word' id='word_1_313' title='bbox 717 3871 766 3926; x_wconf 90' lang='lat' dir='ltr'><strong>der</strong></span> <span class='ocrx_word' id='word_1_314' title='bbox 774 3869 1016 3994; x_wconf 51' lang='lat' dir='ltr'><strong>Burqin&#39;lheben</strong></span> <span class='ocrx_word' id='word_1_315' title='bbox 1028 3869 1203 3939; x_wconf 77' lang='lat' dir='ltr'><strong>bemttchtigt</strong></span> <span class='ocrx_word' id='word_1_316' title='bbox 1213 3870 1275 3923; x_wconf 88' lang='lat' dir='ltr'><strong>hat-</strong></span> 
     </span>
    </p>
   </div>
   <div class='ocr_carea' id='block_1_7' title="bbox 105 3939 1280 4441">
    <p class='ocr_par' dir='ltr' id='par_1_9' title="bbox 105 3939 1280 4224">
     <span class='ocr_line' id='line_1_37' title="bbox 105 3939 1276 4011; baseline -0.001 -16"><span class='ocrx_word' id='word_1_317' title='bbox 105 3962 138 3997; x_wconf 84' lang='lat' dir='ltr'><strong>zu</strong></span> <span class='ocrx_word' id='word_1_318' title='bbox 149 3943 243 3998; x_wconf 88' lang='lat' dir='ltr'><strong>diesen</strong></span> <span class='ocrx_word' id='word_1_319' title='bbox 254 3940 387 4011; x_wconf 85' lang='lat' dir='ltr'><strong>gehalten</strong></span> <span class='ocrx_word' id='word_1_320' title='bbox 396 3941 663 3996; x_wconf 80' lang='lat' dir='ltr'><strong>hatten—civilem</strong></span> <span class='ocrx_word' id='word_1_321' title='bbox 717 3947 773 4010; x_wconf 84' lang='lat' dir='ltr'><strong>ten,</strong></span> <span class='ocrx_word' id='word_1_322' title='bbox 781 3942 830 3995; x_wconf 90' lang='lat' dir='ltr'><strong>des</strong></span> <span class='ocrx_word' id='word_1_323' title='bbox 859 3939 1276 3994; x_wconf 72' lang='lat' dir='ltr'><strong>andesvenviesenwordensei,</strong></span> 
     </span>
     <span class='ocr_line' id='line_1_38' title="bbox 108 4010 1276 4119; baseline -0.002 -52"><span class='ocrx_word' id='word_1_324' title='bbox 108 4014 188 4068; x_wconf 75' lang='lat' dir='ltr'><strong>‘iiber</strong></span> <span class='ocrx_word' id='word_1_325' title='bbox 215 4013 392 4119; x_wconf 58' lang='lat' dir='ltr'><strong>Mitbdrper&#39;.</strong></span> <span class='ocrx_word' id='word_1_326' title='bbox 416 4045 449 4052; x_wconf 90' lang='lat'><em>-</em></span> <span class='ocrx_word' id='word_1_327' title='bbox 473 4013 551 4066; x_wconf 78' lang='lat' dir='ltr'><strong>Idem</strong></span> <span class='ocrx_word' id='word_1_328' title='bbox 573 4013 664 4066; x_wconf 67' lang='lat' dir='ltr'><strong>libers.</strong></span> <span class='ocrx_word' id='word_1_329' title='bbox 756 4021 778 4067; x_wconf 92' lang='lat'><strong>1.</strong></span> <span class='ocrx_word' id='word_1_330' title='bbox 793 4013 928 4067; x_wconf 76' lang='lat' dir='ltr'><strong>historicis</strong></span> <span class='ocrx_word' id='word_1_331' title='bbox 942 4011 1003 4064; x_wconf 91' lang='lat' dir='ltr'><strong>hier</strong></span> <span class='ocrx_word' id='word_1_332' title='bbox 1020 4012 1085 4064; x_wconf 84' lang='lat' dir='ltr'><strong>‘den</strong></span> <span class='ocrx_word' id='word_1_333' title='bbox 1100 4010 1276 4065; x_wconf 87' lang='lat' dir='ltr'><strong>Gcschichts·</strong></span> 
     </span>
     <span class='ocr_line' id='line_1_39' title="bbox 108 4083 1278 4154; baseline -0.002 -16"><span class='ocrx_word' id='word_1_334' title='bbox 108 4086 181 4139; x_wconf 85' lang='lat' dir='ltr'><strong>nach</strong></span> <span class='ocrx_word' id='word_1_335' title='bbox 195 4090 227 4137; x_wconf 84' lang='lat' dir='ltr'><strong>A.</strong></span> <span class='ocrx_word' id='word_1_336' title='bbox 242 4085 271 4138; x_wconf 89' lang='lat' dir='ltr'><strong>B.</strong></span> <span class='ocrx_word' id='word_1_337' title='bbox 294 4090 325 4136; x_wconf 87' lang='lat'><strong>1³</strong></span> <span class='ocrx_word' id='word_1_338' title='bbox 345 4085 527 4154; x_wconf 46' lang='lat' dir='ltr'><strong>‚upapam</strong></span> <span class='ocrx_word' id='word_1_339' title='bbox 544 4091 665 4152; x_wconf 81' lang='lat' dir='ltr'><strong>coeptum</strong></span> <span class='ocrx_word' id='word_1_340' title='bbox 718 4083 887 4154; x_wconf 81' lang='lat' dir='ltr'><strong>kundigen&#39;,</strong></span> <span class='ocrx_word' id='word_1_341' title='bbox 929 4084 1010 4152; x_wconf 72' lang='lat' dir='ltr'><strong>euripo</strong></span> <span class='ocrx_word' id='word_1_342' title='bbox 1052 4083 1126 4135; x_wconf 89' lang='lat' dir='ltr'><strong>‘dem</strong></span> <span class='ocrx_word' id='word_1_343' title='bbox 1166 4083 1278 4152; x_wconf 75' lang='lat' dir='ltr'><strong>grossen</strong></span> 
     </span>
     <span class='ocr_line' id='line_1_40' title="bbox 108 4152 1280 4224; baseline -0.003 -13"><span class='ocrx_word' id='word_1_344' title='bbox 108 4165 154 4224; x_wconf 80' lang='lat' dir='ltr'><strong>est,</strong></span> <span class='ocrx_word' id='word_1_345' title='bbox 171 4156 211 4209; x_wconf 88' lang='lat' dir='ltr'><strong>im</strong></span> <span class='ocrx_word' id='word_1_346' title='bbox 224 4155 257 4209; x_wconf 90' lang='lat' dir='ltr'><strong>D.</strong></span> <span class='ocrx_word' id='word_1_347' title='bbox 277 4154 363 4209; x_wconf 80' lang='lat' dir='ltr'><strong>aktiv.</strong></span> <span class='ocrx_word' id='word_1_348' title='bbox 383 4152 548 4208; x_wconf 69' lang='lat' dir='ltr'><strong>mit‘man’.</strong></span> <span class='ocrx_word' id='word_1_349' title='bbox 719 4153 890 4207; x_wconf 75' lang='lat' dir='ltr'><strong>Publilium&#39;.</strong></span> <span class='ocrx_word' id='word_1_350' title='bbox 911 4187 943 4192; x_wconf 91' lang='lat'>—</span> <span class='ocrx_word' id='word_1_351' title='bbox 970 4154 1055 4208; x_wconf 78' lang='lat' dir='ltr'><strong>Cuius</strong></span> <span class='ocrx_word' id='word_1_352' title='bbox 1078 4154 1111 4208; x_wconf 84' lang='lat' dir='ltr'><strong>de</strong></span> <span class='ocrx_word' id='word_1_353' title='bbox 1130 4155 1280 4208; x_wconf 75' lang='lat' dir='ltr'><strong>virtutibus</strong></span> 
     </span>
    </p>

    <p class='ocr_par' dir='ltr' id='par_1_10' title="bbox 106 4224 1279 4441">
     <span class='ocr_line' id='line_1_41' title="bbox 144 4224 1264 4322; baseline -0.003 -43"><span class='ocrx_word' id='word_1_354' title='bbox 144 4234 168 4279; x_wconf 81' lang='grc'><strong>4.</strong></span> <span class='ocrx_word' id='word_1_355' title='bbox 189 4226 227 4279; x_wconf 90' lang='lat' dir='ltr'><strong>Zu</strong></span> <span class='ocrx_word' id='word_1_356' title='bbox 243 4227 395 4280; x_wconf 71' lang='lat' dir='ltr'><strong>adiunxero</strong></span> <span class='ocrx_word' id='word_1_357' title='bbox 409 4225 464 4296; x_wconf 80' lang='lat' dir='ltr'><strong>vgl.</strong></span> <span class='ocrx_word' id='word_1_358' title='bbox 479 4224 512 4278; x_wconf 80' lang='lat' dir='ltr'><strong>A.</strong></span> <span class='ocrx_word' id='word_1_359' title='bbox 527 4225 558 4279; x_wconf 91' lang='lat' dir='ltr'><strong>B.</strong></span> <span class='ocrx_word' id='word_1_360' title='bbox 575 4232 616 4278; x_wconf 83' lang='grc'><strong>16.</strong></span> <span class='ocrx_word' id='word_1_361' title='bbox 631 4257 664 4265; x_wconf 81' lang='grc'><strong>-</strong></span> <span class='ocrx_word' id='word_1_362' title='bbox 720 4225 892 4322; x_wconf 57' lang='lat' dir='ltr'><strong>(Voran&#39;qe&#39;)</strong></span> <span class='ocrx_word' id='word_1_363' title='bbox 930 4224 1031 4304; x_wconf 74' lang='lat' dir='ltr'><strong>gchdrt</strong></span> <span class='ocrx_word' id='word_1_364' title='bbox 1067 4241 1100 4276; x_wconf 86' lang='lat' dir='ltr'><strong>zu</strong></span> <span class='ocrx_word' id='word_1_365' title='bbox 1132 4240 1264 4293; x_wconf 77' lang='lat' dir='ltr'><strong>eaepmcum</strong></span> 
     </span>
     <span class='ocr_line' id='line_1_42' title="bbox 107 4294 1273 4365; baseline -0.003 -14"><span class='ocrx_word' id='word_1_366' title='bbox 107 4306 211 4365; x_wconf 78' lang='lat' dir='ltr'><strong>cotum,</strong></span> <span class='ocrx_word' id='word_1_367' title='bbox 226 4296 265 4350; x_wconf 91' lang='lat' dir='ltr'><strong>im</strong></span> <span class='ocrx_word' id='word_1_368' title='bbox 273 4297 306 4350; x_wconf 91' lang='lat' dir='ltr'><strong>D.</strong></span> <span class='ocrx_word' id='word_1_369' title='bbox 322 4295 665 4364; x_wconf 82' lang='lat' dir='ltr'><strong>einSubatantiv.—per-</strong></span> <span class='ocrx_word' id='word_1_370' title='bbox 720 4297 813 4350; x_wconf 79' lang='lat' dir='ltr'><strong>dubito</strong></span> <span class='ocrx_word' id='word_1_371' title='bbox 852 4295 903 4349; x_wconf 91' lang='lat' dir='ltr'><strong>bin</strong></span> <span class='ocrx_word' id='word_1_372' title='bbox 918 4313 964 4358; x_wconf 73' lang='lat' dir='ltr'><strong>,m</strong></span> <span class='ocrx_word' id='word_1_373' title='bbox 995 4294 1127 4348; x_wconf 77' lang='lat' dir='ltr'><strong>Zweitel’.</strong></span> <span class='ocrx_word' id='word_1_374' title='bbox 1161 4327 1195 4334; x_wconf 92' lang='lat'><strong>—-</strong></span> <span class='ocrx_word' id='word_1_375' title='bbox 1229 4313 1273 4349; x_wconf 81' lang='lat' dir='ltr'><strong>res.</strong></span> 
     </span>
     <span class='ocr_line' id='line_1_43' title="bbox 106 4364 1279 4441; baseline -0.005 -17"><span class='ocrx_word' id='word_1_376' title='bbox 106 4377 188 4437; x_wconf 77' lang='lat' dir='ltr'><strong>petuo</strong></span> <span class='ocrx_word' id='word_1_377' title='bbox 207 4368 297 4438; x_wconf 70' lang='grc' dir='ltr'>(Λᾶν.)</span> <span class='ocrx_word' id='word_1_378' title='bbox 316 4369 406 4423; x_wconf 81' lang='lat' dir='ltr'><strong>alieno</strong></span> <span class='ocrx_word' id='word_1_379' title='bbox 415 4369 666 4437; x_wconf 69' lang='lat' dir='ltr'><strong>paniauimpceio</strong></span> <span class='ocrx_word' id='word_1_380' title='bbox 720 4366 803 4420; x_wconf 78' lang='lat' dir='ltr'><strong>n&#39;aml.</strong></span> <span class='ocrx_word' id='word_1_381' title='bbox 814 4364 1279 4441; x_wconf 70' lang='lat' dir='ltr'><strong>gestaa3explicore‘(vollstendig)</strong></span> 
     </span>
    </p>
   </div>
   <div class='ocr_carea' id='block_1_8' title="bbox 0 0 1433 4740">
    <p class='ocr_par' dir='ltr' id='par_1_11' title="bbox 0 0 1433 4740">
     <span class='ocr_line' id='line_1_44' title="bbox 0 0 1433 4740; baseline 0 0"><span class='ocrx_word' id='word_1_382' title='bbox 0 0 1433 4740; x_wconf 95' lang='lat' dir='ltr'><strong> </strong></span> 
     </span>
    </p>
   </div>
  </div>
 </body>
</html>
