2850 4740
427 197 524 253 svnt
552 165 734 253 nonanus.
772 197 847 255 car.
867 207 891 254 a.
913 205 954 254 10.
1215 199 1278 264 109

107 362 163 448 qui
184 360 271 426 obvii
290 364 382 431 eraut
399 360 507 425 itineri
526 361 791 446 adversariorum,
812 360 916 447 iisque
933 361 1099 447 praecipit,
1121 366 1159 426 ut
1175 361 1280 446 prima

106 454 214 536 nocte,
249 472 343 536 quam
373 449 530 515 latissime
557 449 696 534 possint,
728 449 814 535 ignis
841 449 962 515 faciant
989 473 1085 535 quam
1112 451 1280 536 maximos,

83 587 85 592 -
107 543 204 624 atque
230 539 291 604 hos
319 538 458 603 secunda
480 538 592 624 vigilia
615 539 776 623 minuant,
803 539 900 604 tertia
921 540 1113 624 perexiguos
1135 539 1280 624 reddant,
1298 557 1315 604 4

105 632 143 692 ut
182 627 375 692 adsimulata
412 630 591 691 castromm
628 628 858 692 consuetudine
895 627 1109 712 suspicionem
1146 628 1281 692 iniciant

104 715 254 781 hostibus
281 715 322 781 iis
348 715 429 781 locis
457 737 526 780 esse
554 719 659 780 castra
681 737 718 787 ac
742 716 780 780 de
803 737 914 781 corum
937 716 1077 781 adventu
1099 736 1169 781 esse
1191 737 1290 800 prae.

105 806 303 890 nuntiatum3
326 803 473 888 idemque
495 808 625 889 postera
647 809 741 870 nocte
764 805 892 870 saciant.
939 804 1063 883 Quibus
1086 804 1315 890 imperatumc

104 897 183 978 erat,
207 893 378 978 diligenter
400 897 606 978 praeceptum
629 898 751 957 curant.
792 892 977 978 Antigonus
996 892 1136 958 tenebris
1155 892 1280 957 obortis

105 986 143 1046 ut
170 982 255 1067 ignis
283 981 499 1068 conspicatur,
527 981 629 1046 credit
656 982 694 1046 de
725 1003 783 1046 suo
811 983 950 1047 adventu
978 1004 1046 1047 esse
1074 981 1221 1046 auditum
1248 985 1281 1046 et

105 1070 307 1135 adversarios
334 1069 412 1135 illuc
435 1092 509 1134 suas
533 1070 731 1135 contraxisse
754 1071 870 1154 copias.
916 1071 1024 1135 Mutat
1046 1070 1217 1135 concilim
1240 1074 1316 1154 etc

105 1159 258 1244 qnoniam
286 1158 504 1243 imprudentes
532 1157 649 1223 adoriri
679 1181 743 1223 non
771 1164 893 1244 posset,
923 1159 1025 1224 flectit
1047 1159 1109 1223 iter
1132 1180 1226 1223 suum
1249 1162 1283 1223 et

106 1247 199 1312 illum
231 1247 412 1312 anfractum
442 1247 622 1332 longiorem
651 1246 803 1332 copiosae
829 1247 900 1312 viae
928 1248 1027 1332 capit,
1059 1247 1168 1332 ibique
1196 1246 1281 1312 diem

106 1358 207 1401 uuum
238 1336 405 1421 opperitur
436 1336 478 1400 ad
509 1335 732 1403 lassitudinem
765 1335 937 1400 sedandam
968 1335 1110 1400 militum
1142 1358 1179 1400 ac
1210 1336 1281 1400 refi-

107 1424 219 1489 cienda
242 1424 397 1508 iumenta,
421 1446 485 1509 quo
508 1424 683 1510 integriore
706 1424 848 1490 exercitu
872 1424 1061 1489 decerneret.

198 1513 247 1577 10.
285 1510 338 1578 Sic
373 1511 534 1577 Eumenes
574 1512 726 1578 callidum
766 1514 992 1598 imperatorem
1027 1513 1105 1577 vicit
1145 1512 1280 1578 consilio
1367 1588 1370 1596 Ι

106 1601 365 1688 celeritatemque
394 1601 563 1686 impedivit
591 1601 673 1688 eius3
705 1623 808 1687 neque
835 1605 943 1666 tamen
969 1601 1108 1666 multum
1135 1601 1280 1686 profecit.

105 1690 191 1756 Nam
215 1690 336 1756 invidia
358 1690 487 1776 ducum,
515 1712 588 1755 cum
610 1690 728 1780 quibus
751 1695 828 1774 crat,
851 1691 1048 1775 perfidiaque
1069 1690 1281 1755 Macedonum
1299 1707 1315 1756 a

106 1782 343 1862 veteranorum,
371 1800 443 1843 cum
471 1779 617 1864 superior
642 1779 765 1864 proelio
796 1779 1007 1864 discessisset,
1034 1778 1200 1863 Antigono
1232 1781 1281 1843 est
1295 1803 1334 1845 ars

107 1867 243 1950 deditus,
266 1889 338 1933 oum
357 1867 515 1932 exercitus
538 1867 567 1932 ei
591 1871 640 1932 ter
657 1872 731 1933 ante
751 1868 906 1952 separatis
924 1866 1125 1952 temporibus
1143 1867 1282 1932 iurasset

106 1977 141 2020 se
163 1977 237 2020 cum
260 1955 465 2021 defensurum
488 1977 590 2040 neque
613 1978 755 2041 unquam
778 1957 987 2021 deserturum.
1029 1954 1092 2021 Sed
1109 1959 1201 2020 tanta
1218 1956 1282 2020 fuit

106 2044 335 2109 nonnullorum
367 2045 498 2110 virtutis
530 2044 735 2129 obtrectatio,
767 2049 804 2110 ut
834 2046 930 2110 fidem
967 2045 1114 2110 amittere
1148 2044 1282 2109 mallent

106 2155 204 2218 quam
226 2154 299 2197 eum
321 2155 387 2198 non
409 2133 548 2218 perdere.
585 2133 686 2222 Atqui
704 2133 791 2198 hunc
808 2133 1003 2219 Antigonus,
1025 2155 1097 2198 cum
1119 2134 1148 2197 ci
1167 2133 1317 2202 brisseio

107 2221 349 2307 infestissimus,
375 2226 608 2306 conservasset,
632 2223 739 2307 siper
763 2244 839 2288 suos
861 2225 946 2287 esset
967 2223 1106 2306 licitum,
1131 2222 1218 2306 quod
1240 2221 1281 2286 ab

106 2310 196 2375 nullo
226 2331 260 2375 se
291 2309 364 2394 plus
397 2310 541 2375 adiuvari
570 2332 665 2396 posse
696 2311 903 2397 intellegebat
934 2311 969 2376 in
996 2311 1037 2376 iis
1064 2310 1173 2394 rebus,
1201 2331 1291 2395 quas.

106 2398 289 2484 impendere
312 2399 374 2464 inni
397 2399 576 2485 apparebat
589 2400 746 2465 omnibus.
783 2398 999 2465 imminebant
1016 2400 1102 2465 enim
1121 2397 1281 2483 Seleucus,

106 2486 330 2571 Lysimtchus,
352 2487 569 2570 Ptolemaeus,
597 2487 712 2572 opibus
740 2489 804 2554 iam
826 2488 982 2572 valentes,
1010 2510 1082 2553 cum
1106 2486 1223 2572 quibus
1251 2488 1279 2552 ei

107 2731 163 2787 dan
198 2731 264 2786 nus
301 2731 351 2786 der
382 2731 493 2802 Barge'.
544 2721 666 2788 Ahnlicb
720 2732 793 2803 tolga
807 2732 887 2787 nicht
899 2732 1007 2799 bauan,
1020 2732 1058 2786 da
1070 2732 1147 2786 scine
1161 2731 1280 2802 eigeucn

127 2801 202 2856 leich
232 2802 357 2857 nachhcr
383 2803 478 2873 prima
503 2809 579 2860 acac
608 2802 666 2858 ‘bei
720 2803 808 2864 Lente
831 2803 881 2858 ilm
905 2819 941 2858 an
959 2802 1119 2873 Antigonus
1138 2805 1279 2859 verrateuz

107 2820 217 2944 daginus
239 2872 290 2928 der
306 2872 426 2942 Nacht’3
449 2890 479 2928 es
501 2873 594 2930 bildet
611 2874 667 2930 den
720 2873 812 2928 dieser
838 2874 919 2929 hatte
944 2872 995 2928 ihu
1019 2889 1065 2927 am
1086 2872 1210 2929 liebstcn
1232 2889 1280 2944 gc·
1330 2928 1332 2932 .

107 2943 266 3014 Gegeusatz
293 2961 327 2998 zu
354 2945 473 3000 masada
501 2946 559 3000 und
585 2946 667 3002 tertia
720 2945 832 3012 schcnt,
860 2944 932 2999 muts
961 2945 1029 2999 aber
1056 2943 1120 2999 dem
1147 2944 1280 3015 Drangen

107 3016 214 3086 sagitta,
232 3013 311 3070 nicht
329 3033 363 3069 zu
376 3023 487 3085 postera
500 3023 582 3072 naeu.
614 3015 666 3085 Dei
720 3015 1184 3086 dercifcrsttchtigenKamcraden
1193 3015 1279 3069 naeh-

108 3085 163 3140 den
191 3084 328 3150 Griechan
354 3102 415 3140 var
441 3085 488 3141 die
514 3086 609 3142 Nacht
635 3086 667 3141 in
720 3087 819 3158 geben.

108 3156 178 3226 drei,
218 3155 266 3211 bei
303 3157 357 3211 den
389 3157 511 3212 Rbmsrn
546 3157 576 3212 in
607 3157 666 3213 viar
756 3165 779 3214 1.
799 3157 839 3211 Zu
859 3175 944 3228 acque
963 3164 1054 3212 maaca
1070 3155 1131 3227 vgl.
1141 3156 1175 3210 A.
1189 3155 1221 3210 B.
1236 3161 1278 3210 20.
1377 3214 1379 3219 ,

107 3227 317 3282 Nachtwachen
340 3227 448 3298 getailt.
466 3259 502 3269 -
520 3245 602 3299 qaam
624 3230 665 3284 ta·
755 3236 779 3285 2.
804 3227 1279 3353 cumquibaspt.ss.1⁰)erat=
1373 3275 1380 3289 ,

107 3300 209 3354 tanna
231 3299 340 3367 possint
362 3297 401 3352 im
424 3299 457 3353 D.
481 3298 581 3353 lrdrzer
605 3298 669 3354 ‘aut
720 3317 790 3369 quos
816 3317 911 3354 secum
933 3299 1007 3353 habe
1029 3301 1066 3353 at.
1086 3329 1121 3339 -
1139 3315 1200 3353 cam
1224 3298 1278 3352 dis·

107 3368 260 3440 mtglicbst
276 3368 390 3423 weitcm
408 3369 535 3424 ltanme’.
719 3373 849 3433 namnet.
873 3371 976 3426 ebcuso
1000 3387 1061 3424 ram
1082 3370 1201 3424 turcae
1221 3367 1280 3422 und

143 3446 168 3495 4.
192 3441 372 3508 (ιάιίιιιιιῑαια,
400 3439 441 3494 im
462 3440 495 3494 Ι).
524 3439 571 3494 ein
594 3440 665 3496 Sub·
720 3448 765 3506 §3
788 3459 847 3498 carri
870 3443 968 3509 ruisset
984 3440 1120 3494 Einrtum
1192 3441 1278 3494 stttze.
1304 3449 1307 3453 ’

107 3510 212 3565 stantn
248 3509 302 3565 mit
339 3511 457 3566 ‘durch'.
486 3543 520 3552 -
548 3512 667 3566 adveatu
721 3544 754 3555 -
773 3512 811 3567 Zu
830 3530 915 3582 arque
933 3512 1143 3581 aequalitati.
1182 3518 1229 3564 .b.
1245 3542 1279 3551 -

107 3580 161 3637 nie
180 3587 209 3651 8,
224 3587 248 3637 t.
722 3584 928 3651 nonnullarum,
951 3598 1014 3652 gen.
1034 3581 1165 3648 subiect,
1188 3580 1226 3634 im
1244 3581 1278 3636 D.

144 3659 170 3707 b.
189 3669 243 3707 casa
260 3653 395 3721 ceddam,
417 3652 457 3706 im
474 3652 507 3707 D.
527 3652 667 3707 aktivisch
722 3653 780 3708 ‘bei
796 3698 801 3708 .
818 3695 823 3707 .
840 3655 872 3710 ,ἰ
891 3655 1001 3709 virtutis
1017 3650 1278 3722 (multimodis),

108 3722 162 3778 mit
181 3724 277 3778 ‘man’.
720 3741 783 3795 gen.
802 3724 917 3790 obiect.;
936 3725 1093 3780 obtrectatio
1106 3723 1145 3778 ist
1157 3722 1219 3777 hier
1233 3722 1279 3777 die

144 3799 169 3848 6.
188 3795 379 3863 imprudentes,
397 3793 482 3848 utml.
496 3795 668 3850 doncuria
721 3795 861 3866 cupidita-s
902 3793 1088 3850 obtrectandi.
1126 3825 1160 3834 -
1198 3795 1279 3860 fidem

110 3863 188 3933 ‘sie’,
213 3881 234 3918 s.
258 3880 293 3917 au
316 3870 346 3932 8,
366 3870 390 3919 6.
414 3897 450 3905 -
472 3865 567 3920 aedan
589 3866 667 3920 lasa-
722 3865 856 3920 ‘ehrli'che
876 3865 1059 3936 Gesinnnng'.

17 3990 20 3997 ,
109 3935 231 3990 tudinem
262 3935 382 3990 alicuius
415 3935 576 4005 ‘jemanden
603 3951 667 3990 ans·
757 3943 781 3992 3.
797 3954 848 4006 per
870 3936 932 3991 bier
955 3938 1013 3990 ‘um
1033 3981 1039 3991 .
1056 3981 1061 3990 .
1078 3980 1082 3990 .
1102 3934 1207 3990 willen’
1232 3935 1276 3989 od.

108 4006 197 4060 nilion
211 4005 329 4073 lasscn'3
347 4009 453 4074 reficere
469 4006 539 4060 ‘sich
554 4005 668 4061 erholen
722 4007 786 4061 ‘mit
808 4007 962 4062 Rdcksicht
985 4008 1053 4062 anf.
1073 4038 1107 4048 -
1128 4006 1279 4077 apparebat

108 4075 222 4130 lasscn'.
276 4075 319 4130 lm
354 4077 386 4132 D.
429 4079 504 4132 setae
539 4076 586 4130 fur
621 4076 667 4131 dic
721 4079 845 4133 caricibus
863 4078 932 4131 wird
951 4079 991 4132 im
1004 4079 1036 4132 D.
1056 4079 1102 4132 ein
1116 4077 1278 4148 eingescho-

110 4145 358 4244 Gemndivkonstr.
382 4149 436 4203 den
459 4148 510 4202 lnf.
534 4147 587 4202 mit
609 4148 668 4202 ‘um
720 4149 807 4207 bencr
833 4149 898 4205 Sata
927 4149 979 4203 mit-
1007 4149 1096 4216 ‘wie’‚
1126 4149 1279 4231 irnpeartcre
1344 4228 1345 4232 ἵ

110 4219 668 4371 casanatensem<
721 4219 1278 4370 cantuariensum:

146 4359 195 4415 10.
217 4359 296 4414 Eum.
321 4360 398 4414 kann
420 4362 480 4415 sich
503 4376 594 4416 semea
617 4361 667 4416 Er·
720 4362 802 4429 fiber,
825 4361 981 4416 bedrohten
1004 4361 1079 4428 ibn'3
1107 4358 1278 4428 eigenthcht
