2850 4740
366 157 463 256 nnn.
486 201 524 256 u.
542 186 695 257 roanos
714 200 816 257 cero.
854 202 930 258 car.
950 210 974 257 ι.
994 203 1019 293 .⁸·

1213 202 1277 267 139

104 387 177 429 eum
209 364 248 428 de
279 364 444 449 provincia
475 363 632 448 depellere
659 367 693 428 et
720 364 788 450 ipse
816 365 845 430 ei
874 366 1054 449 succedere3
1086 387 1188 450 neque
1216 364 1278 430 hoc

106 476 164 540 per
191 457 336 517 senatum
364 453 490 518 efficere
515 453 637 538 potuit,
668 475 741 517 cum
769 453 897 538 quidem
925 452 1033 540 Scipio
1060 455 1277 540 principatum
1373 458 1379 466 '

105 543 139 606 in
171 542 300 606 civitate
327 541 504 627 obtineret,
536 542 623 626 quod
654 547 724 606 tum
756 565 820 607 non
851 543 1010 628 potentia,
1042 544 1097 607 sed
1129 545 1198 608 iure
1225 564 1276 606 res

105 629 234 717 publica
261 630 553 695 administrabatur.
600 629 670 707 Qua
697 652 737 695 ex
764 652 797 695 re
821 631 922 696 iratus
946 631 1084 717 senatui,
1108 631 1276 696 consulatu

104 725 234 804 peracto
257 720 401 804 privatus
425 720 459 783 in
481 719 561 783 urbe
583 721 710 784 mansit.
752 718 797 783 At
821 719 910 804 Cato,
933 742 1046 784 censor
1068 743 1141 784 cum
1164 721 1277 784 eodem
1295 739 1311 782 ιι

104 807 219 873 Flac'co
247 809 364 892 factus,
394 829 501 871 severe
528 808 669 892 praefuit
696 809 725 872 ei
752 810 914 893 potestati.
959 808 1045 873 Nam
1072 814 1105 873 et
1133 809 1165 872 in
1193 830 1276 873 com·
1291 836 1360 876 rea-

104 898 213 982 plures
245 897 368 961 nobiles
400 896 626 961 animadvertit
658 901 690 961 et
721 897 840 962 multos
870 919 920 962 res
949 920 1048 962 novas
1077 898 1109 961 in
1138 897 1277 962 edictum
1341 946 1347 956 .

106 985 242 1070 addidit,
265 1008 329 1069 qua
351 1006 384 1049 re
407 984 535 1048 luxuria
558 986 796 1071 reprimeretur,
820 1008 901 1071 quae
923 986 986 1051 iam
1010 987 1080 1051 tum
1104 986 1277 1071 incipiebat

105 1074 271 1160 pullulare.
309 1072 443 1138 Circiter
461 1095 561 1138 annos
580 1075 754 1160 octoginta,
772 1097 873 1159 usque
892 1076 932 1140 ad
950 1080 1125 1140 extremam
1140 1079 1276 1139 aetatem
1294 1091 1312 1138 4

103 1163 145 1227 ab
177 1162 405 1249 adulescentia,
437 1162 483 1226 rei
510 1162 658 1247 publicae
686 1185 782 1228 causa
810 1164 970 1250 suscipere
999 1165 1183 1228 inimicitias
1211 1185 1275 1227 non

106 1252 237 1317 destitit.
289 1250 319 1315 Α
349 1250 461 1315 multis
492 1255 635 1316 tentatus
667 1274 732 1316 non
763 1254 860 1318 modo
891 1253 1017 1318 nullum
1049 1253 1276 1317 detrimentum

105 1339 351 1405 existimationis
374 1340 460 1425 fecit,
483 1341 547 1426 sed,
569 1341 676 1424 'quoad
698 1341 789 1426 vixit,
811 1342 968 1406 virtutum
990 1341 1085 1406 laude
1109 1342 1216 1406 crevit.

194 1430 222 1494 3.
254 1427 293 1493 In
326 1429 474 1493 omnibus
506 1428 601 1497 rebus
634 1429 790 1516 singulari
823 1431 886 1495 luit
917 1430 1085 1495 industria.
1130 1429 1215 1495 Nam
1244 1435 1276 1493 et

105 1518 246 1604 agricola
274 1517 386 1582 sollers
416 1522 448 1581 et
469 1517 593 1602 peritus
617 1519 863 1583 iurisconsultus
886 1524 918 1584 et
941 1542 1077 1606 magnus
1102 1519 1277 1604 imperator

105 1611 137 1670 et
163 1607 341 1692 probabilis
367 1610 478 1671 orator
505 1611 537 1671 et
565 1606 791 1692 cupidissimus
813 1608 994 1673 litterarum
1017 1609 1088 1672 fuit.
1134 1607 1310 1685 Quarume

106 1696 249 1760 studium
289 1695 350 1758 etsi
387 1695 494 1759 senior
530 1697 722 1782 arripuerat,
762 1700 869 1764 tamen
906 1701 1034 1762 tantum
1069 1718 1277 1783 progressum

106 1784 195 1870 fecit,
222 1788 259 1848 ut
282 1805 346 1847 non
370 1784 463 1848 facile
487 1785 619 1871 reperiri
642 1786 746 1870 possit
769 1787 933 1870 neque-de
958 1784 1089 1851 Graecis
1111 1807 1214 1869 neque
1237 1784 1276 1848 de

104 1871 226 1938 Italicis
259 1873 367 1957 rebus,
404 1873 490 1956 quod
522 1873 551 1937 ei
583 1874 681 1939 fuerit
712 1875 921 1961 incognitum.
979 1873 1029 1939 Ab
1062 1873 1312 1939 adulescentiae

209 2101 218 2128 t
328 2098 334 2111 ⁸
387 2100 396 2126 Ὶ

40 2196 43 2200 .
105 2117 190 2225 pap
206 2099 663 2242 siu.¹.²¹a¹¹tn.²?uutsr

105 2241 298 2296 beobaohtete.
322 2274 356 2282 -
379 2259 441 2296 cam
467 2243 574 2312 quietem
603 2242 663 2298 ‘ob-

104 2313 179 2367 wohl
194 2312 286 2366 doch'.
302 2345 337 2354 -
350 2314 438 2382 qaod.
450 2356 456 2367 .
468 2357 474 2367 .
485 2314 662 2369 administra-

106 2385 186 2439 batur
208 2383 309 2454 gehtrt
331 2402 365 2437 au
387 2402 472 2454 aeqae
494 2386 598 2452 efficere
614 2401 662 2454 po·

105 2456 166 2510 tait.
185 2486 219 2494 -
235 2457 360 2523 porentia
376 2455 461 2509 ‘nach
474 2454 613 2510 Einfluss'.
629 2487 662 2496 -

104 2527 250 2581 cannatae
268 2533 379 2595 peracta
398 2528 526 2596 privatus
548 2529 579 2580 ia
597 2528 663 2581 arte

105 2597 220 2652 aaran
242 2596 352 2651 danach
371 2596 480 2651 scheint
498 2614 540 2665 es,
565 2597 607 2651 als
626 2598 662 2652 ob

106 2666 199 2738 Scipio
241 2666 395 2737 eigentlich
436 2669 522 2722 nach
559 2668 666 2722 Ablauf

106 2738 197 2792 seinos
224 2738 376 2793 Konsulats
403 2737 433 2791 in
460 2738 522 2793 eine
547 2739 662 2794 Provina

104 2809 186 2863 hatte
204 2809 295 2880 gehen
313 2815 434 2877 mussan,
453 2811 588 2864 wthrend
602 2809 662 2864 dies

106 2880 191 2949 doch,
213 2879 267 2934 wie
289 2886 333 2946 §1
358 2880 445 2950 zeigt‚
469 2880 515 2934 die
536 2880 663 2936 Konsuln

106 2950 215 3004 damals
260 2951 346 3005 echon
386 2953 547 3005 wthrend
589 2952 663 3006 ihren

106 3021 263 3076 Amts'ahrs
291 3040 325 3075 zu
352 3022 422 3075 thun
450 3022 581 3093 pflegten.
628 3023 662 3077 N.

106 3094 158 3147 hat
171 3040 230 3147 also
240 3092 396 3173 irrti'imlich
406 3092 468 3146 eine
478 3093 664 3166 llinrichtung

106 3164 197 3218 seiner
215 3164 277 3218 Zert
300 3164 352 3218 auf
367 3163 434 3234 jene
453 3165 564 3219 fn'ihere
582 3167 664 3220 tiber-

61 3271 64 3279 ·
104 3237 212 3305 tragen.

142 3312 165 3360 3.
201 3307 330 3375 potestati
364 3307 461 3360 ‘nme
494 3339 530 3347 -
561 3309 664 3362 anana

106 3376 214 3430 hiessen
231 3376 262 3430 in
279 3378 351 3430 Rom
368 3378 476 3431 damals
496 3377 663 3449 diejenigen‚

107 3448 192 3502 deren
227 3447 383 3502 Vorfahren
419 3450 523 3526 tubere
555 3448 664 3502 Stacta-

105 3521 196 3573 'rtmter
209 3519 355 3573 verwaltet
368 3520 476 3573 hatten.
489 3551 523 3559 -
538 3521 663 3574 attinend-

104 3591 254 3645 satereia
273 3591 391 3670 aliquem
411 3591 420 3617 ‘
442 3607 513 3660 egen
524 3590 590 3660 jem.
607 3591 665 3646 ein·

105 3660 268 3729 schreiten’,
296 3660 431 3730 eigentlic
475 3663 577 3732 ‘gegen
598 3661 664 3730 jem.

105 3730 665 3802 einc(strafende)Bemorkungmachcn‘,

104 3808 185 3856 vora*
207 3802 265 3855 lich
284 3819 336 3856 von
356 3804 411 3856 den
429 3803 540 3857 Strafen
559 3807 662 3872 (notrae)

105 3873 154 3926 der
212 3889 336 3928 eneoren.
375 3906 409 3915 -
446 3876 574 3943 edietum,
617 3875 662 3928 dic

104 3943 265 3998 tffentliche
292 3944 564 4016 Bekanutmachung
596 3947 664 4000 oder

104 4014 290 4085 Verordnung
308 4016 358 4068 der
371 4016 506 4071 Pretoren
522 4017 580 4070 und
595 4016 663 4071 Cen·

104 4102 186 4140 soren
217 4085 293 4140 beim
320 4087 427 4140 Antritt
453 4087 527 4141 ihres
556 4089 660 4142 Amtes.

23 4198 26 4204 .
105 4156 175 4210 Zum
188 4157 250 4210 Teil
264 4172 358 4211 waren
374 4157 419 4211 die
433 4159 662 4228 Bestimmungen

717 2103 833 2158 edietum
851 2104 958 2159 addere.
979 2135 1011 2143 -
1031 2120 1087 2172 qua
1104 2119 1134 2157 re
1149 2127 1182 2149 ==
1196 2104 1277 2155 ntea

716 2189 746 2227 re
766 2173 869 2227 ‘damit
887 2173 1033 2228 dadurch'.

752 2251 777 2299 4.
787 2244 901 2299 circiter
908 2261 998 2300 aanor
1006 2246 1151 2317 ostentata,
1161 2260 1191 2297 er
1198 2242 1276 2297 starb

718 2321 770 2370 149
793 2333 817 2370 v.
837 2315 913 2384 Cha,
936 2315 1031 2370 wurde
1055 2315 1115 2370 also
1138 2321 1173 2369 85
1191 2313 1276 2368 Jahrc

718 2385 766 2440 alt.
795 2419 828 2428 -
856 2388 990 2457 accipere
1017 2387 1179 2441 inimicitiae
1205 2383 1276 2439 ‘sich

716 2456 934 2528 Anfeindungen
951 2457 1092 2524 zuziehen,
1112 2455 1172 2511 sich
1190 2454 1277 2510 ihnen

717 2526 1276 2598 aussetzen’.-tcntatua‘angefochten’‚

716 2598 811 2653 indam
820 2598 1276 2670 manihngeriehtlichanklogte,

716 2687 775 2724 was
792 2670 890 2726 44mel
908 2670 1066 2742 geschehen
1081 2668 1128 2724 iet.
1144 2702 1177 2709 -
1192 2669 1275 2723 detri-

716 2748 835 2796 mentum
861 2743 950 2809 faeere
975 2739 1182 2811 ‘Sc-hadigung,
1210 2738 1276 2792 Ein-

716 2811 797 2866 busse
834 2812 977 2867 erleiden’.
1011 2844 1045 2853 -
1078 2812 1159 2866 laede
1194 2812 1278 2865 mevit

718 2883 797 2937 ‘saud
825 2884 1014 2938 znnehmende
1042 2883 1276 2952 Anerlrennung'3

717 2953 852 3025 cigentl.?

752 3026 782 3082 8.
801 3025 966 3095 Vielseitig,
988 3024 1041 3079 wie
1067 3041 1097 3078 er
1120 3040 1190 3089 war,
1214 3023 1278 3076 that

718 3095 778 3150 sich
799 3095 868 3150 Cato
890 3097 1042 3150 besonders
1065 3095 1138 3149 auch
1163 3093 1204 3148 als
1224 3093 1277 3147 Ge·

718 3167 969 3221 schichtschreibor
987 3167 1093 3221 hervor.

755 3245 778 3293 1.
807 3246 843 3306 ct,
873 3237 920 3292 bei
948 3238 1123 3292 mehrfacher
1149 3235 1276 3290 Wieder-

718 3309 825 3380 holung
852 3309 943 3363 dieser
966 3308 1160 3378 Konjunktion
1183 3307 1275 3377 (Poly-

718 3381 866 3450 syndEton)
894 3380 964 3433 wird
991 3379 1030 3433 im
1057 3379 1089 3431 D.
1121 3378 1200 3431 ‘und’
1225 3396 1278 3431 nur

719 3451 970 3521 aurAnlmdpfung
984 3451 1032 3504 des
1047 3450 1151 3504 letzten
1164 3448 1276 3502 (lliedes

719 3523 879 3592 gebraucht
915 3554 949 3561 —-
978 3521 1131 3590 probabilis
1167 3518 1279 3573 enthslt

719 3593 765 3646 ein
783 3593 916 3664 mdlsiges
935 3592 1003 3660 Lob,
1022 3594 1095 3646 etwa
1115 3592 1199 3660 ‘gana
1217 3589 1277 3644 lob-

718 3663 797 3728 lich‘,
817 3681 879 3718 vom
898 3663 1079 3732 Standpunkt
1097 3661 1146 3716 dee
1164 3661 1198 3717 N.
1218 3662 1275 3715 aus.

720 3767 755 3775 -
773 3737 966 3804 rapidissimas
984 3736 1137 3789 litterarum
1153 3731 1276 3803 ‘eifriger

717 3806 829 3859 Pteund
848 3807 897 3860 der
914 3805 1079 3859 litteratur’

754 3883 777 3931 2.
795 3879 885 3932 senior
904 3877 973 3930 ‘eret
991 3875 1032 3929 uls
1048 3875 1151 3928 'alteret
1164 3873 1276 3942 Mann';

718 3950 875 4072 arpigplprrpt
902 3946 1072 4072 bppefiehnet
1092 3946 1147 4043 dep
1156 3944 1275 4068 domeni

717 4036 747 4073 so
833 4035 903 4072 cen
950 4034 1101 4071 1er·w1r:
1139 4032 1263 4070 cassen

717 4090 784 4143 orer
805 4090 859 4144 mn
881 4059 1085 4158 serenae’mng
1108 4087 1157 4142 aa
1181 4086 1276 4141 anses

719 4159 791 4214 ‘sich
822 4160 925 4214 darauf
954 4159 1078 4214 werfen‘.
1107 4191 1142 4199 -
1169 4165 1276 4213 tantum

74 4239 76 4243 ·
105 4227 197 4281 dieser
227 4228 331 4282 Edikte
364 4229 498 4283 stehende
529 4230 662 4300 (edictum
713 4249 898 4302 promereare,
922 4232 961 4284 im
983 4231 1016 4285 D.
1041 4230 1090 4284 der
1113 4229 1216 4282 Plural.
1242 4261 1275 4268 -

104 4298 301 4369 tralaticium);
328 4300 443 4353 wurden
469 4317 540 4354 neue
565 4300 663 4355 hinzu—
716 4305 831 4372 reperiri
849 4305 949 4373 possit,
977 4301 1019 4355 als
1043 4299 1120 4369 Subj.
1145 4298 1202 4352 und
1225 4300 1276 4353 lte·

105 4369 217 4441 gefugt,
241 4387 271 4424 so
295 4369 367 4425 hiels
391 4369 450 4424 dies
469 4389 511 4427 res
528 4389 614 4426 rwvae
631 4374 662 4427 in

717 4372 922 4443 aiehrmgswort
950 4391 983 4426 cu
1007 4372 1079 4442 quod
1104 4370 1142 4424 ist
1166 4371 1274 4424 ‘etwas’
