2850 4740
429 205 474 261 v1.
503 205 705 292 hYSANDER.
744 205 819 268 CAP.
841 211 864 260 1.
884 211 908 260 2.
929 212 952 261 3.
1235 208 1277 272 31

105 368 208 433 monii
231 367 434 432 dictitassent
458 368 520 432 sibi
543 390 613 433 esse
635 366 722 452 belli,
745 370 782 431 ut
799 364 1047 433 Atheniensium
1068 368 1275 454 impotentem

107 457 358 522 dominationem
381 455 607 541 refringerent,
634 459 807 540 postquam
834 457 920 540 apud
942 453 1051 542 Aegos
1075 457 1195 522 flumen
1217 457 1280 542 Ly-

107 546 221 610 sander
253 544 366 610 classis
397 543 541 609 hostium
574 549 622 610 est
653 544 791 629 potitus,
822 544 904 609 nihil
936 544 1024 609 aliud
1055 545 1188 610 molitus
1221 549 1279 632 est,

107 654 203 718 quam
231 637 268 697 ut
295 654 407 698 omnes
433 633 579 698 civitates
607 633 640 697 in
664 655 723 698 sua
746 636 871 698 teneret
890 636 1064 719 potestate,
1092 657 1166 699 cum
1189 635 1223 699 id
1246 657 1279 700 se

106 721 432 787 Lacedaemoniorum
451 743 547 787 causa
564 721 668 786 facere
683 721 856 786 simularet.
892 721 1041 807 Namque
1055 723 1205 807 undique,
1224 723 1278 808 qui
1299 738 1315 786 5

106 807 354 875 Atheniensium
386 809 482 874 rebus
514 810 726 895 studuissent,
758 809 880 895 eiectis,
912 811 1020 875 decem
1052 810 1215 896 delegerat
1246 811 1279 875 in

107 920 299 983 unaquaque
327 898 471 984 civitate,
499 897 617 982 quibus
646 921 806 963 summum
830 899 1001 982 imperium
1022 903 1279 984 potestatemque

53 1008 55 1011 ’
108 987 251 1052 omnium
284 1009 391 1051 rerum
422 986 644 1051 committeret.
694 985 820 1051 Horum
848 986 881 1050 in
909 1008 1078 1052 numerum
1106 1009 1199 1053 nemo
1226 988 1281 1052 ad-

106 1071 305 1160 mittebatur,
327 1074 391 1139 nisi
415 1076 470 1158 qui
493 1079 550 1140 aut
572 1076 641 1140 eius
659 1075 801 1159 hospitio
821 1076 1038 1142 contineretur
1061 1081 1118 1140 aut
1139 1099 1173 1141 se
1191 1075 1280 1142 illius

107 1164 176 1228 tore
198 1163 366 1248 proprium
388 1164 451 1228 fide
475 1164 687 1228 confirmarat.
799 1163 800 1167 ’
1122 1187 1123 1191 ’

196 1253 225 1316 2.
248 1251 299 1317 Ita
322 1251 525 1318 decemvirali
547 1256 707 1336 potestate
729 1252 763 1317 in
783 1252 932 1317 omnibus
950 1253 1086 1316 urbibus
1104 1253 1280 1318 constituta

108 1340 211 1425 ipsius
240 1344 322 1405 nutu
350 1341 457 1405 omnia
484 1340 685 1426 gerebantur.
737 1339 837 1405 Cuius
864 1341 903 1405 de
931 1341 1119 1406 crudelitate
1147 1363 1184 1406 ac
1211 1363 1281 1425 per·

105 1428 182 1493 fidia
206 1429 286 1494 satis
309 1433 477 1494 estunam
500 1452 568 1494 rem
592 1429 730 1514 exempli
753 1430 859 1514 gratia
876 1430 1028 1514 proferre,
1051 1452 1091 1493 ne
1110 1429 1149 1493 de
1168 1429 1278 1494 eodem
1310 1504 1312 1508 ἱ

106 1517 200 1601 plura
227 1517 442 1582 enumerando
470 1517 684 1603 defatigemus
710 1517 854 1583 lectores.
900 1517 1014 1606 Victor
1042 1540 1081 1582 ex
1103 1516 1184 1582 Asia
1206 1534 1315 1581 cumn

106 1609 320 1671 reverteretur
342 1605 549 1690 Thasumque
572 1606 774 1689 devertisset,
801 1607 887 1690 quod
912 1628 948 1670 ea
971 1605 1085 1671 civitas
1108 1606 1280 1690 praecipua

105 1694 168 1765 fide
187 1695 294 1760 fuerat
311 1716 388 1781 erga
405 1693 628 1780 Athenienses,
646 1695 780 1779 proinde
799 1716 836 1758 ac
855 1695 882 1759 si
901 1717 966 1759 non
985 1694 1083 1758 iidem
1101 1693 1277 1758 firmissimi

108 1781 247 1847 solerent
270 1805 339 1848 esse
361 1783 470 1868 amici,
494 1783 549 1866 qui
573 1787 758 1847 constantes
780 1782 917 1847 fuissent
940 1783 1076 1866 inimici,
1099 1786 1279 1866 pervertere

107 1893 177 1936 eam
196 1872 388 1955 concupivit
424 1870 516 1935 Vidit
535 1875 651 1957 autem,
669 1871 732 1936 nisi
752 1871 784 1934 in
805 1893 841 1934 eo
861 1871 1053 1935 occultasset
1071 1871 1280 1958 voluntatem,
1299 1887 1315 1934 3

106 1959 252 2023 futurum
280 1964 317 2024 ut
339 1958 451 2024 Thasii
478 1960 696 2024 dilaberentur
725 1958 991 2043 consulerentque
1013 1960 1109 2024 rebus
1134 1960 1279 2024 suis...

196 2048 225 2111 3.
259 2046 372 2131 Itaque
404 2048 439 2112 hi
472 2048 714 2113 decemviralem
746 2051 939 2131 potestatem
971 2048 1013 2112 ab
1041 2048 1097 2111 illo
1126 2049 1280 2113 constitu-

108 2271 141 2278 -
167 2240 344 2309 dictitassent,
367 2238 487 2293 beaohte
512 2239 563 2293 das
579 2239 666 2293 ltera-
719 2238 1140 2309 pont,indenderZiegenfiuls
1154 2239 1280 2293 mtindet.

107 2309 207 2364 tivum:
225 2309 279 2363 ‘oft
312 2326 386 2380 enug
402 2311 464 2364 ...’.
479 2342 512 2349 -
527 2312 666 2378 impotem,
721 2341 754 2349 -
774 2311 846 2379 qrcod
860 2328 926 2364 usw.
946 2310 1106 2380 begrtindet
1119 2310 1174 2363 den
1187 2310 1281 2363 Nach-

109 2380 159 2432 der
181 2379 242 2433 sich
265 2328 354 2434 scibat
374 2379 454 2434 nicht
480 2378 668 2434 beherrschen
721 2383 781 2434 sau
796 2387 945 2449 pervertere
963 2398 1022 2435 cana
1040 2382 1202 2450 concupivit.

106 2450 184 2504 kann
210 2449 269 2504 und
296 2450 384 2504 daher
410 2451 461 2504 das
486 2450 559 2504 Mala
586 2450 668 2504 tiber-
757 2458 781 2504 3.
805 2453 837 2505 in
855 2468 884 2506 co
905 2450 1043 2505 ‘hierbei'.
1064 2483 1098 2492 -
1115 2453 1280 2506 voluntatem

108 2520 485 2576 schreitet.-Konstruiere
504 2521 558 2576 den
574 2521 667 2574 Nach-
723 2521 877 2590 ‘Absicht'3
909 2523 1066 2578 occultasset
1097 2521 1135 2574 im
1163 2521 1196 2575 D.
1229 2540 1281 2574 nur

108 2594 180 2646 satz:
212 2592 359 2662 Lysander
386 2598 532 2661 postquam
551 2636 557 2647 .
578 2637 583 2646 .
605 2636 610 2647 .
630 2599 668 2647 cet
720 2592 830 2662 imperf.
858 2625 891 2632 -
917 2594 1045 2661 fcturum
1068 2599 1099 2646 ct
1125 2591 1282 2660 gebraucht

103 2664 223 2732 potitae,
245 2663 318 2717 notit
335 2663 414 2717 atiud
436 2663 547 2718 molitus
568 2670 613 2718 cst.
633 2695 668 2703 -
721 2663 756 2717 N.
793 2664 880 2718 tfters
913 2667 947 2718 st.
980 2663 1039 2717 fore
1071 2668 1109 2716 ut.
1143 2694 1177 2703 -
1209 2664 1281 2717 dita-

106 2735 196 2814 Acqoa
218 2733 319 2802 Menan
346 2732 384 2787 ist
412 2732 475 2786 eine
499 2750 548 2787 aur
570 2733 668 2788 Halite
722 2735 859 2804 baccetur,
884 2751 931 2787 um
955 2751 988 2787 ru
1011 2733 1120 2787 flichen.
1144 2765 1179 2773 —
1202 2734 1281 2788 rebus

106 2801 364 2858 latinisiertel'orm
374 2804 424 2857 des
433 2803 667 2873 griechNamens
723 2803 839 2858 ‘Wohl’.
883 2803 965 2858 Nach
987 2807 1047 2858 suia
1063 2805 1110 2858 -ist
1139 2805 1188 2858 der
1216 2803 1281 2857 wei-

105 2873 666 2944 Aigospotamoi‘Ziegenfluss’.-claeais‚
720 2879 779 2929 tere
807 2875 927 2930 Verlauf
952 2875 1001 2928 der
1030 2874 1171 2927 Erz‘ethlim
1222 2890 1281 2928 ver·

107 2944 141 2998 N.
161 2944 309 2999 verbindet
322 2947 410 3014 potira*
433 2945 505 2999 diter
526 2944 580 2999 mit
603 2945 666 2999 dem
720 2945 799 2999 loren
830 2945 986 3016 gegan'gen.
1038 2946 1102 3014 Lys.
1127 2893 1192 2999 rici³
1202 2949 1281 2998 nttm-

108 3014 226 3069 Genetiv
253 3015 295 3068 als
322 3015 376 3070 mit
401 3016 465 3069 dem
489 3015 611 3070 Ablativ.
630 3049 665 3057 —
719 3016 777 3070 lich
805 3017 851 3070 die
876 3016 999 3072 Thasier,
1025 3015 1055 3068 in
1084 3015 1140 3069 den
1166 3014 1281 3085 Tempel

106 3087 179 3140 nibil
192 3087 272 3140 aliud
285 3104 366 3156 quam
380 3087 537 3156 gebraucht
545 3086 579 3141 N.
595 3089 667 3142 statt
720 3087 770 3140 des
792 3087 929 3140 Herkules
958 3103 1118 3140 zusammen
1142 3087 1200 3139 und
1222 3102 1280 3139 ver-

108 3155 157 3209 des
176 3160 255 3211 sonet
272 3156 405 3211 dblichen
425 3156 497 3210 nihil
510 3156 588 3211 aliud
601 3157 665 3212 nisi.
721 3157 833 3226 srach,
862 3158 918 3211 alle
944 3175 978 3210 au
1006 3157 1136 3211 schonen.
1178 3156 1228 3210 Als
1252 3173 1300 3224 er,

143 3233 168 3281 5.
187 3228 315 3297 tardique,
335 3228 362 3281 d.
376 3227 394 3282 i.
410 3243 443 3281 ex
457 3227 586 3284 omnibus
601 3228 666 3282 civi-
721 3177 789 3282 aher
807 3245 838 3282 so
857 3228 903 3282 die
917 3228 1028 3298 Gegner
1043 3228 1133 3282 sicher
1150 3228 1283 3296 gemacht

106 3296 228 3366 tatibus;
242 3301 338 3368 eiectis,
353 3298 383 3352 in
397 3298 534 3367 exsilium,
548 3299 668 3368 Subjelrt
720 3299 809 3367 hatte,
828 3300 944 3353 tiberfiel
962 3316 991 3353 er
1011 3298 1051 3352 sie
1072 3299 1146 3352 nach
1169 3297 1282 3368 einigen

107 3368 163 3438 (iis)
173 3370 222 3438 qui
230 3371 538 3425 studuissent—rebus
548 3371 668 3426 alicuius
721 3369 819 3439 Tagen
838 3370 895 3423 und
915 3369 979 3423 liele
1003 3369 1043 3423 sie
1068 3368 1199 3422 sttmtlic'h
1222 3386 1280 3422 um-

106 3441 213 3494 atudcrc
242 3440 286 3493 ‘au
311 3439 457 3509 jemandes
485 3441 580 3494 Partei
607 3441 667 3494 hal·
721 3440 785 3493 brin
805 3457 847 3494 en.
886 3441 966 3494 Nach
985 3439 1076 3494 dieser
1095 3439 1282 3508 Schandthat,

106 3511 175 3564 ten'.
196 3541 230 3550 -
249 3511 288 3564 Zu
307 3512 405 3580 quibas
423 3513 594 3567 committeret
612 3512 666 3581 vgl.
722 3529 755 3564 nu
780 3459 829 3565 der
851 3513 924 3565 noch
947 3510 1018 3564 viele
1046 3511 1149 3564 andere
1172 3509 1283 3579 Klagen

106 3581 138 3634 A.
149 3581 180 3635 B.
192 3586 235 3650 11,
253 3599 286 3634 zu
299 3599 392 3636 acme.
406 3626 410 3636 .
424 3583 496 3637 nisi
509 3583 541 3636 A.
551 3582 582 3636 B.
593 3588 618 3636 6.
633 3614 666 3622 -
722 3598 773 3635 aus
792 3583 847 3635 den
865 3582 984 3651 ttbrigen
1000 3581 1118 3635 Staaten
1136 3580 1198 3634 laut
1211 3598 1282 3633 wur-

106 3652 223 3720 boapitc'o
253 3653 374 3717 alicuius
400 3654 532 3708 contineri
561 3653 601 3705 ‘in
625 3652 668 3722 je·
723 3653 784 3720 den,
804 3653 983 3707 beschlossen
998 3650 1283 3720 diehaced'amonier,

106 3722 222 3775 mandes
232 3722 327 3776 Hause
335 3723 388 3793 (als
398 3722 478 3793 (last)
488 3722 667 3790 verkehren’3
723 3723 814 3778 seiuer
831 3722 1114 3777 Willktirherrschaft
1136 3721 1183 3776 ein
1204 3722 1282 3776 Ende

106 3792 239 3864 cigenti?
262 3825 295 3834 —
323 3794 401 3849 illius
426 3795 569 3864 propriant
598 3795 666 3848 ‘ihm
722 3811 755 3847 au
774 3795 898 3848 mac-hen.

107 3879 178 3986 ganz
197 3864 339 3934 ergeben’.
358 3895 392 3905 -
410 3865 478 3932 fides
495 3865 557 3919 hier
576 3865 666 3918 ‘feien
757 3861 1284 3920 8.DadieLaee‹lam0nierschlie1s-

119 3933 195 3988 iches
214 3934 283 3989 oder
301 3934 436 3990 eidliches
453 3935 666 4004 Versprechen'.
721 3935 778 3988 lich
797 3951 888 4005 gegen
906 3935 1063 4003 Lysanders
1082 3932 1283 3987 willkttrliches

141 4003 172 4061 2.
195 4004 265 4059 Zmn
288 4005 412 4061 Bevveise
437 4006 483 4060 ffir
509 4006 667 4074 Lysanders
720 4006 871 4060 Auttreten
889 4005 1085 4073 einschreiten‚
1106 4003 1235 4058 versucht
1253 4020 1283 4058 er

106 4073 195 4128 Htrte
213 4075 271 4130 und
290 4075 415 4131 Untreue
428 4075 489 4131 will
501 4076 596 4147 Nepos
615 4077 666 4131 das
721 4077 781 4130 ihre
804 4076 1071 4146 'Kdnigsherrsehast
1100 4094 1134 4129 zu
1162 4077 1281 4129 sttiraan.

108 4144 254 4200 Schialrsal
264 4145 665 4202 derInsalThasusberichten.
720 4146 845 4201 Deshalb
878 4165 914 4200 an
935 4147 1045 4227 chlagt,
1080 4146 1147 4200 aber
1180 4142 1284 4214 uuigo-

142 4222 166 4270 1.
186 4217 288 4285 ipsius,
311 4217 397 4274 nttml.
415 4217 561 4288 Lysandri.
578 4251 611 4258 -
627 4218 664 4271 Zu
721 4166 1175 4299 sprochen,fallter1mliampfe
1191 4231 1283 4284 gagen

101 4286 189 4356 plura
206 4287 273 4356 stige
292 4286 331 4342 im
349 4288 382 4343 D.
404 4288 503 4343 ‘naue’
524 4287 616 4343 hinnu.
721 4289 766 4342 dre
785 4288 933 4342 Thebaner
951 4287 998 4342 bei
1015 4286 1169 4342 Haliartus.

142 4362 166 4411 2.
186 4374 220 4412 ca
232 4360 312 4429 Aac,
331 4359 358 4414 d.
372 4360 399 4414 h.
415 4376 466 4414 aas
481 4360 544 4415 dem
558 4359 666 4418 Helles·
756 4364 780 4415 1.
799 4360 837 4427 rt,
860 4358 984 4412 nttmlich
1003 4355 1227 4412 lacedaemonii.
1248 4387 1281 4396 -
