2850 4740
144 185 188 249 84
450 183 508 237 XV.
537 183 809 238 EPAMINONDAS.
847 183 923 239 CAP.
943 190 967 238 4.
988 189 1012 238 5.

143 347 278 432 pecunia
305 347 574 430 corrumpendum
601 350 792 430 susceperat.
842 344 905 410 Hic
932 368 1050 432 magno
1079 369 1151 412 cum
1174 349 1316 432 pondere

34 452 41 465 ·
143 435 213 499 auri
242 434 369 498 Thebas
402 435 490 497 venit
521 439 554 497 et
585 434 764 518 Micythum
797 433 1085 519 adulescentulum,
1117 457 1213 519 quem
1245 442 1316 502 tum

143 523 383 608 Epaminondas
414 523 589 608 plurimum
623 523 791 609 diligebat,
823 523 964 606 quinque
996 524 1128 588 talentis
1155 524 1196 588 ad
1223 548 1315 590 suam

142 613 293 697 perduxit
333 610 540 675 voluntatem.
599 610 763 694 Micythus
800 610 1057 695 Epaminondam
1097 614 1247 677 convenit
1283 619 1317 678 et

108 718 271 766 acausam
304 700 459 763 adventus
489 699 713 764 Diomedontis
746 700 894 763 ostendit.
945 698 992 763 At
1022 699 1078 765 illc
1105 700 1315 766 Diomedonti

143 811 250 854 coram
274 787 399 873 ‘Nihil',
422 788 537 873 inquit,
560 788 653 872 ‘opus
677 793 726 852 est
748 787 890 872 pecunia
936 786 1022 852 Nam
1045 790 1072 853 si
1096 810 1152 853 rex
1175 811 1212 853 ea
1235 791 1315 877 vult,

142 899 224 961 quae
255 876 416 940 Thebanis
454 881 530 941 sunt
565 876 671 960 utilia,
709 877 811 962 gratis
842 876 945 940 facere
977 899 1049 940 sum
1081 881 1226 961 paratus,
1263 880 1314 942 sin

142 970 250 1030 autem
273 965 442 1049 contraria,
465 988 531 1030 non
553 964 651 1028 habet
673 964 743 1029 auri
767 969 863 1048 atque
887 965 1012 1049 argenti
1036 967 1123 1030 satis
1164 966 1314 1050 Namque

103 1071 122 1118 ’3
142 1053 230 1119 orbis
253 1058 410 1118 terrarum
434 1053 564 1117 divitias
587 1053 729 1138 accipere
751 1053 827 1118 nolo
850 1075 910 1137 pro
932 1053 1057 1138 patriae
1080 1055 1221 1119 caritate.
1263 1055 1313 1119 Tu

142 1142 228 1226 quod
255 1164 305 1206 me
333 1142 532 1227 incognitum
561 1141 694 1206 tentasti
718 1142 829 1225 tuique
852 1141 990 1205 similem
1013 1143 1220 1227 existimasti,
1247 1166 1313 1209 non

141 1232 241 1295 miror
264 1231 387 1314 tibique
410 1231 556 1316 ignosc03
579 1230 635 1294 sed
658 1231 807 1316 egredere
830 1251 978 1316 propere,
1005 1253 1045 1294 ne
1068 1231 1149 1295 ahos
1173 1253 1315 1296 corrum-

141 1342 212 1404 pas,
240 1341 311 1382 cum
340 1341 390 1382 me
418 1341 482 1382 non
510 1318 662 1403 potueris.
712 1318 757 1382 Et
785 1323 834 1402 tu,
861 1317 1017 1404 Micythe,
1045 1323 1214 1406 argentum
1237 1319 1314 1385 huic

142 1408 236 1472 redde
260 1412 324 1491 aut,
348 1407 410 1470 nisi
434 1407 467 1470 id
490 1407 659 1471 confestim
683 1407 775 1491 facis,
799 1428 858 1492 ego
882 1410 914 1470 te
937 1406 1063 1471 tradam
1085 1409 1313 1494 magistratui'.

105 1496 235 1560 4Huno
268 1495 447 1560 Diomedon
479 1518 552 1560 cum
584 1518 620 1560 ro
644 1500 725 1579 aret,
758 1501 800 1559 ut
827 1499 898 1559 tuto
931 1495 1033 1559 exiret
1065 1518 1186 1580 suaque
1231 1519 1313 1580 quae

141 1585 307 1669 attulerat,
329 1583 441 1648 liceret
463 1585 588 1666 efferre,
611 1518 715 1647 ‘istud
738 1584 887 1667 quidem’,
911 1584 1026 1669 inquit,
1050 1549 1312 1670 ‘faciamsneque

141 1678 197 1736 tua
224 1695 333 1757 causa,
361 1672 417 1737 sed
444 1694 527 1756 mea,
555 1694 608 1756 ne,
635 1672 663 1735 si
690 1672 751 1736 tibi
779 1673 823 1736 sit
845 1673 980 1756 pecunia
1003 1673 1166 1758 adempta,
1194 1673 1312 1758 aliquis

142 1762 239 1846 dicat,
272 1761 305 1825 id
337 1761 378 1825 ad
406 1782 458 1825 me
485 1764 630 1845 ereptum
658 1761 852 1845 pervenisse,
885 1760 972 1844 quod
999 1761 1141 1825 delatum
1169 1763 1312 1847 accipere

106 1849 336 1935 enoluissem’.
386 1848 417 1913 A
443 1871 507 1932 quo
536 1871 608 1913 cum
636 1850 826 1934 quaesisset,
854 1870 918 1932 quo
947 1870 981 1913 se
1009 1849 1122 1914 deduci
1146 1850 1256 1935 vellet,
1279 1855 1313 1914 et

141 1938 196 2002 ille
228 1937 372 2003 Athenas
405 1937 551 2022 dixisset,
587 1938 783 2022 praesidium
815 1937 916 2022 dedit,
948 1941 985 2001 ut
1016 1942 1089 2002 tuto
1120 1939 1311 2023 perveniret

140 2026 254 2111 Neque
276 2048 351 2091 vero
374 2026 409 2089 id
431 2027 511 2090 satis
533 2025 656 2111 habuit,
680 2026 735 2090 sed
758 2026 864 2111 etiam,
887 2029 924 2089 ut
947 2026 1123 2090 inviolatus
1145 2027 1179 2090 in
1197 2049 1312 2092 navem

141 2115 336 2199 escenderet,
360 2136 419 2200 per
441 2114 614 2180 Chabriam
636 2113 880 2198 Atheniensem,
906 2114 946 2178 de
970 2136 1034 2199 quo
1058 2136 1156 2200 supra
1177 2115 1313 2180 mentio-

107 2222 123 2270 c
142 2225 214 2268 nem
237 2203 380 2287 fecimus,
405 2204 518 2267 effecit.
564 2203 789 2268 Abstinentiae
811 2203 874 2267 erit
895 2201 957 2267 hoc
980 2203 1060 2267 satis
1083 2203 1314 2270 testimonium.

141 2291 286 2356 Plurima
321 2291 451 2376 quidem
482 2292 626 2377 proferre
657 2314 843 2377 possumus,
879 2291 935 2355 sed
966 2291 1081 2355 modus
1114 2291 1314 2356 adhibendus

142 2385 204 2465 est,
236 2380 389 2464 quoniam
420 2401 485 2444 uno
512 2379 574 2445 hoc
600 2379 764 2445 volumine
791 2381 891 2445 vitam
919 2379 1143 2444 excellentium
1170 2381 1314 2446 virorum

143 2469 356 2554 complurium
393 2468 580 2534 concludere
612 2469 852 2552 constituimus,
888 2490 1026 2551 quorum
1057 2489 1108 2532 res
1141 2469 1315 2554 separatim

80 2599 83 2606 -
143 2557 254 2622 multis
290 2557 421 2622 milibus
457 2578 608 2622 versuum
644 2557 824 2642 complures
860 2557 1033 2641 scriptores
1065 2560 1138 2621 ante
1170 2580 1229 2622 nos
1262 2579 1317 2621 ex·

165 2646 312 2711 licarunt.

142 2670 164 2731 p
231 2734 260 2798 5.
293 2733 369 2798 Fuit
396 2734 494 2798 etiam
522 2734 674 2819 disertus,
702 2739 740 2799 ut
766 2756 859 2798 nemo
887 2732 916 2797 ei
944 2732 1117 2797 Thebanus
1142 2754 1203 2818 par
1230 2733 1317 2797 esset

36 2992 37 2997 ἵ
142 2927 186 2981 bis
205 2932 264 2981 859.
288 2957 324 2968 -
346 2927 584 2996 corrumpendum,
608 2925 648 2981 im
666 2926 699 2981 D.
754 2925 881 2981 lichene
900 2924 963 2993 quis
981 2924 1024 2994 (A.
1042 2923 1124 2994 Re),
1146 2923 1248 2979 ‘damit
1267 2925 1318 2978 aut

141 2998 220 3052 Indu.
235 2997 287 3051 mit
302 2997 368 3064 ‘zu’2
384 3029 418 3038 -
432 2998 555 3053 toleretis:
571 2996 701 3051 lTalent
753 2996 856 3050 keinen
883 2994 946 3049 rull
970 2994 1108 3064 jemand’.
1134 3027 1170 3036 -
1194 3001 1316 3064 ereptum

143 3095 177 3115 ===
190 3068 262 3121 rund
280 3072 350 3123 4800
369 3068 462 3137 Mark,
484 3067 645 3138 vgl.1‘1‚c.
665 3099 700 3109 -
756 3067 810 3121 ‘als
828 3066 936 3134 Raub'3
956 3065 1008 3120 auf
1023 3065 1099 3120 thul.
1117 3065 1214 3121 Weiss
1231 3067 1316 3121 dher-

143 3140 309 3194 ooltmtutem
328 3138 478 3193 ‘Absicht’.
755 3140 829 3193 setae
849 3136 921 3207 anch
939 3137 1066 3192 delatam

178 3216 202 3264 2.
222 3210 399 3264 Diomedonti
419 3210 521 3306 gehtrt
544 3227 578 3263 au
596 3210 700 3278 inuram
790 3214 815 3263 ὅ.
839 3207 1190 3278 commutatust,
1218 3206 1258 3260 im
1280 3206 1313 3261 D.

142 3297 234 3336 coram
264 3280 384 3335 Adverh.
429 3279 473 3333 ins
502 3278 637 3334 Gesicht’.
666 3311 700 3320 —
755 3279 865 3349 Imperf.
885 3311 920 3319 -
938 3278 1073 3345 Athenas,
1095 3276 1183 3331 nhml.
1205 3295 1233 3332 ee
1250 3279 1316 3332 velle

143 3353 225 3406 Nihil
251 3350 327 3405 steht
349 3350 485 3405 auweilen
508 3350 550 3404 als
573 3351 699 3405 starkere
754 3351 858 3405 deduci.
882 3381 917 3390 —
939 3366 1024 3418 aeque
1051 3365 1112 3403 vero
1139 3348 1218 3402 ‘aber
1242 3349 1316 3402 auch

143 3421 285 3492 Negation
312 3421 358 3475 fdr
383 3438 440 3476 non
467 3422 529 3492 ‘gar
551 3421 642 3488 nicht,
671 3421 700 3475 in
753 3421 852 3475 nicht‘.
872 3452 907 3461 -
925 3420 993 3475 satis
1011 3420 1108 3474 babuit
1127 3419 1210 3473 ‘hielt
1226 3436 1256 3474 es
1269 3419 1316 3473 ffir

143 3492 240 3547 keiner
269 3492 385 3547 Weise’.
414 3524 448 3533 —
481 3494 612 3562 accipere,
649 3492 700 3546 wir
755 3509 861 3564 genug,
889 3506 948 3545 war
973 3489 1064 3544 damit
1090 3488 1255 3544 aufrieden'.
1281 3522 1314 3530 —

145 3563 312 3634 ‘geschenkt
328 3563 443 3618 haben'¹
756 3563 902 3631 Cimbrice,
926 3561 976 3616 der
998 3559 1029 3614 in
1051 3560 1119 3615 Vita
1137 3561 1188 3614 XII
1208 3562 1316 3615 behan-

179 3641 203 3689 8.
223 3635 303 3704 quod,
323 3634 446 3706 ahhtng.
464 3651 518 3688 von
536 3650 593 3688 oon
607 3635 701 3702 miror,
755 3633 832 3688 delte
875 3633 969 3687 athen.
1006 3630 1142 3686 Feldherr
1179 3648 1229 3685 ans
1266 3632 1316 3685 der

145 3705 240 3760 ‘dass’.
268 3737 304 3746 -
331 3706 500 3777 iewoynitum
526 3704 585 3759 ldse
613 3705 702 3759 durch
727 3702 729 3709 '
757 3711 780 3759 1.
799 3703 897 3759 thfte
915 3704 965 3757 des
984 3707 1009 3757 4.
1027 3702 1124 3757 Jahrh.
1144 3721 1168 3756 v.
1188 3702 1251 3757 Chr.

144 3776 225 3831 einen
242 3774 416 3831 Relativsata
438 3775 494 3831 auf.
513 3807 549 3816 —
566 3777 609 3831 tui
625 3777 701 3831 eimi-
790 3780 815 3830 6.
835 3775 972 3841 Plurima,
989 3773 1075 3827 ntml.
1094 3772 1265 3827 testimonia.
1281 3805 1315 3813 —-

144 3849 194 3903 lem
206 3845 518 3918 ‘fdrdeinesgleichen’.
529 3878 563 3887 -
569 3848 700 3917 potueris,
753 3863 909 3915 mmmm,
927 3843 968 3898 im
985 3843 1018 3897 D.
1038 3844 1089 3898 der
1105 3843 1260 3913 Konjunkt.
1281 3876 1314 3884 -

143 3917 228 3972 ntml.
247 3933 429 3989 corrumpere.
754 3933 881 3973 casuum
902 3914 1033 3983 ‘Zeilen’,
1056 3931 1115 3969 was
1138 3913 1185 3969 die
1207 3915 1317 3985 eigent-

179 3995 204 4044 4.
233 3990 328 4057 exiret,
361 3988 578 4059 cigentdmliche
610 3988 701 4042 Kame
754 3987 828 4042 hehe
855 3986 1023 4056 Bedentung
1055 3985 1105 4038 des
1131 3985 1245 4039 Wortes
1276 3984 1317 4040 ist

144 4060 192 4114 des
215 4060 389 4128 Ausdrucks,
417 4059 455 4114 da
482 4060 531 4114 der
557 4059 586 4112 in
611 4059 701 4114 liceret
755 4061 789 4128 (v.
808 4060 904 4126 verto).

143 4130 181 4185 lie
202 4132 273 4185 ende
299 4129 407 4202 Begriff
437 4131 509 4185 auch
541 4129 585 4184 fdr
616 4131 701 4185 exiret
789 4128 819 4184 ὅ.
838 4129 883 4182 An
897 4127 957 4182 drei
970 4125 1131 4252 Beisflielen
1143 4126 1215 4180 vird
1228 4126 1316 4181 nach-

143 4149 273 4273 veriangt
302 4201 380 4259 wird.
408 4232 444 4243 -
505 4202 576 4256 iden
606 4200 701 4255 ‘aller-
753 4199 905 4281 gewiesen,
930 4197 985 4252 wie
1008 4215 1037 4252 sc
1057 4197 1194 4269 lagsertig
1215 4197 1315 4268 Epam.

143 4272 247 4344 dings’.
272 4304 305 4313 -
441 4219 521 4328 ‘abir
542 4271 641 4327 nicht’.
666 4304 699 4312 -
753 4287 793 4324 rm
811 4271 976 4324 Antworten
993 4285 1060 4324 war.
1135 4339 1142 4351 .
1240 4297 1242 4302 ·

143 4362 177 4400 ce
195 4344 305 4413 aliquia,
325 4344 434 4400 sttrker
448 4343 490 4398 als
504 4342 699 4414 dasgewmn·
790 4347 814 4397 1.
837 4357 915 4397 acero
939 4341 1084 4396 Item
1108 4356 1161 4395 rue
1184 4345 1256 4408 2,1.
1282 4371 1315 4380 -
