2850 4740
158 208 202 274 80
461 205 532 261 xlv.
561 204 742 262 DATAMES.
779 205 856 261 cAP.
876 211 900 259 9.
922 211 963 262 10.
984 211 1025 262 11.

121 388 138 436 4
156 369 291 435 militari
314 369 398 434 inter
420 367 565 454 corporis
587 368 736 433 custodes
759 367 822 432 iter
844 368 948 433 facere
970 367 1085 455 coepit.
1131 367 1177 434 At
1199 368 1330 434 insidia·

157 463 254 542 tores,
276 460 448 543 postquam
471 457 505 520 in
528 477 602 521 eum
623 456 731 522 locum
753 477 869 542 agmen
891 458 1046 543 pervenit,
1070 457 1194 543 decepti
1217 459 1328 523 ordine

157 551 254 631 atque
281 546 414 631 vestitu,
442 546 598 630 impetum
625 544 659 608 in
687 566 760 609 eum
787 544 924 631 faciunt,
951 544 1008 630 qui
1035 546 1223 631 suppositus
1250 552 1327 612 erat.

157 634 366 699 Praedixerat
392 638 501 698 autem
529 633 569 697 iis
592 632 758 718 Datames,
786 654 859 698 cum
887 633 1008 718 quibus
1031 633 1093 698 iter
1115 634 1268 720 faciebat,
1295 641 1333 701 ut

123 722 263 809 eparati
291 726 397 786 essent
424 722 541 806 facere,
569 721 656 806 quod
684 721 791 807 ipsum
818 721 982 786 vidissent.
1027 720 1115 809 Ipse,
1141 727 1179 786 ut
1202 744 1331 789 concur·

158 812 259 876 rentis
282 811 487 876 insidiatores
510 810 653 875 animum
676 810 824 895 advertit,
848 810 912 874 tela
935 811 969 875 in
992 832 1047 876 eos
1070 811 1214 877 coniecit.
1260 812 1332 878 Hoc

157 900 242 964 idem
270 921 343 964 cum
371 898 512 963 universi
540 897 705 984 fecissent,
732 898 921 984 priusquam
949 900 1154 984 pervenirent
1180 900 1222 963 ad
1249 923 1332 988 eum,

157 986 408 1140 quemlldgglrlidl
420 987 1024 1140 lihidirmiihrfflcnalliilubobiidbhutidmo
1048 1080 1193 1162 tempore
1216 1082 1330 1163 captus

157 1168 207 1228 est
224 1163 437 1249 Mithridatis,
459 1163 687 1228 Ariobarzanis
710 1163 784 1250 filii,
813 1163 897 1229 dolo.
942 1163 1091 1249 Namque
1113 1165 1142 1228 is
1165 1165 1330 1251 pollicitus

157 1257 207 1317 est
233 1252 303 1339 regi
330 1274 364 1316 se
391 1274 465 1317 eum
491 1252 748 1337 interfecturum,
776 1251 804 1316 si
831 1274 888 1316 rex
910 1252 1125 1337 permitteret,
1154 1258 1204 1338 ut,
1231 1255 1330 1338 quod·

157 1363 293 1426 cumque
315 1340 425 1426 vellet,
452 1340 564 1416 liceret
586 1340 716 1426 impune
739 1341 856 1426 facere,
879 1340 1039 1425 fidemque
1062 1341 1101 1405 de
1124 1363 1162 1406 ea
1184 1363 1218 1406 re
1241 1365 1331 1408 more

121 1429 326 1495 aPersarum
358 1429 472 1493 dextra
503 1429 651 1493 dedisset.
701 1427 794 1493 Hanc
825 1432 863 1493 ut
890 1429 1014 1514 accepit
1041 1451 1060 1493 a
1087 1450 1162 1516 rege
1189 1430 1331 1517 missam,

156 1517 265 1603 copias
287 1521 381 1602 parat
403 1522 436 1581 et
458 1517 573 1582 absens
596 1517 771 1581 amicitiam
794 1539 867 1581 cum
885 1517 1022 1582 Datame
1040 1518 1132 1603 facit3
1154 1519 1240 1605 regis
1259 1543 1330 1604 pro-

63 1641 64 1644 *
156 1605 278 1682 vincias
301 1608 404 1690 vexat,
428 1605 559 1670 castella
577 1609 750 1691 expugnat,
772 1627 906 1692 magnas
925 1605 1060 1690 praedas
1079 1605 1175 1692 capit,
1194 1629 1331 1692 quarum

155 1694 274 1780 partim
302 1694 369 1759 suis
397 1694 560 1780 dispertit,
586 1694 706 1779 partim
734 1693 775 1757 a'd
801 1693 960 1758 Datamen
987 1693 1103 1778 mittit3
1134 1696 1205 1779 pari
1233 1696 1330 1761 modo

120 1781 322 1867 ecomplura
349 1782 480 1846 castella
507 1783 536 1846 ei
564 1781 671 1845 tradit.
716 1781 805 1847 Haec
833 1782 888 1845 diu
915 1782 1061 1847 faciendo
1091 1783 1253 1868 persuasit
1275 1784 1331 1849 ho·

156 1869 240 1971 mini,
255 1892 288 1934 se
307 1871 470 1934 infinitum
489 1870 640 1972 adversps
658 1871 964 1971 regemlsnscepisse
981 1870 1112 1972 bellum,
1135 1892 1208 1935 cum
1226 1871 1330 1938 nihilo

155 1958 1330 2132 111311111ῑῖ311111ιέ1Ρωῖἵξξξῖᾜέὲὶῖῖἓςιὲἓὲἲξ

156 2133 210 2201 Sic
237 2136 352 2199 absens
380 2135 555 2200 amicitiam
582 2135 727 2221 gerebat,
758 2139 796 2199 ut
822 2157 888 2199 non
914 2135 1078 2201 beneficiis
1105 2136 1243 2221 mutuis,
1275 2138 1330 2202 sed

157 2224 319 2289 communi
346 2224 434 2308 odio,
462 2224 549 2308 quod
575 2245 652 2310 erga
678 2245 786 2310 regem
814 2229 1033 2310 susceperant,
1061 2224 1219 2289 contineri
1246 2225 1330 2289 vide-

156 2315 276 2376 rentur.

247 2401 296 2464 11.
329 2398 367 2463 Id
390 2422 463 2465 cum
486 2401 565 2465 satis
588 2421 622 2464 se
645 2401 852 2465 confirmasse
875 2400 1051 2464 arbitratus
1075 2404 1138 2484 est,
1162 2401 1330 2466 certiorem

157 2487 236 2552 facit
257 2488 416 2553 Datamen
439 2493 566 2575 tempus
589 2510 657 2553 esse
679 2488 817 2554 maiores
841 2488 1000 2553 exercitus
1022 2488 1130 2573 parari
1153 2493 1187 2552 et
1208 2489 1330 2554 bellurn

157 2577 324 2662 cumipse
347 2597 422 2662 rege
444 2577 578 2662 suscipi,
606 2576 708 2660 deque
731 2599 768 2641 ea
790 2599 839 2661 re,
867 2575 895 2640 si
918 2575 948 2640 ei
970 2576 1145 2662 videretur,
1169 2598 1233 2662 quo
1256 2577 1329 2643 loco
1352 2601 1353 2605 ¹

147 2664 266 2749 uellet,
294 2665 327 2728 in
356 2664 553 2749 colloquium
576 2666 707 2730 veniret.
752 2665 894 2730 Probata
917 2686 951 2728 re
974 2664 1179 2749 colloquendi
1202 2670 1329 2751 tempus

158 2873 715 2944 ’1111511111ςῆπηιίῑίιανϋθίιιθεωθωοὶιιθη)
805 2879 829 2927 2.
849 2873 942 2942 Hanc,
960 2873 1045 2928 naml.
1065 2873 1156 2927 fidem.
1172 2905 1206 2914 —
1225 2876 1329 2943 abacos,

159 2943 313 2998 Soldaten’.
769 2944 796 2998 d.
815 2943 842 2997 h.
867 2943 939 2998 ohne
957 2943 1117 3014 persbnlich
1134 2944 1188 2998 mit
1206 2944 1265 2998 ihm
1283 2964 1342 2998 ιιι--

191 3021 216 3067 4.
236 3016 268 3068 ia
286 3030 346 3069 caua
364 3015 459 3084 locant,
478 3030 521 3068 wo
536 3013 582 3068 die
596 3015 715 3069 e'aaidic·
769 3014 1067 3069 sammcnaulrommen.
1081 3046 1116 3055 -
1127 3017 1232 3083 partim
1246 3015 1329 3086 (alter

157 3092 226 3138 tores
243 3084 384 3139 verstecht
401 3100 509 3154 waren,
533 3086 582 3138 ‘an
600 3083 646 3138 die
664 3085 714 3138 be·
768 3086 878 3153 Accua)
898 3086 976 3138 kann
988 3085 1042 3139 mit
1055 3084 1148 3139 eincm
1161 3101 1224 3155 gen.
1239 3086 1328 3156 parti-

156 3154 291 3209 trcffende
315 3154 420 3209 Stelle’.
441 3187 474 3195 -
491 3155 602 3224 ordine,
626 3155 714 3209 durch
767 3154 842 3209 tirus
871 3155 1033 3210 verbunden
1059 3155 1179 3210 werden.
1225 3157 1267 3210 lm
1294 3156 1326 3210 D.

157 3224 203 3279 die
217 3225 401 3296 Reihenfolge
416 3225 575 3297 desZuges.
590 3257 624 3266 -
637 3213 714 3280 iiber
767 3226 931 3280 vertansche
972 3227 1023 3280 das
1063 3226 1132 3280 Adv.
1173 3226 1227 3280 mit
1265 3227 1330 3282 dem

156 3313 218 3350 cum
241 3297 338 3364 quibus
359 3296 414 3366 vgl.
431 3299 464 3352 A.
478 3297 510 3351 B.
526 3303 562 3351 1⁰.
586 3328 620 3337 -
643 3297 716 3366 qaod
769 3295 862 3350 Subst.

157 3367 247 3491 :pomp
261 3367 413 3492 iiiiii
443 3366 493 3436 (im
519 3366 552 3421 D‘
585 3366 715 3438 impert),
770 3373 843 3492 cais
860 3367 1328 3506 idmieiidiemniinndhlidii

195 3515 218 3561 5.
247 3510 431 3564 concurrentia
469 3507 501 3562 Δ.
519 3508 551 3563 Β.
571 3508 613 3578 1¹³)
641 3509 717 3562 ‘zum
771 3509 797 3564 d.
814 3508 832 3564 i.
854 3508 1099 3564 ‘unverebhnlich’.
1114 3541 1149 3550 -
1163 3526 1224 3564 uem
1241 3482 1329 3564 adili

157 3577 270 3648 Angn'ff
285 3577 456 3634 herbeieilen
478 3579 500 3646 ’ς
524 3579 648 3634 cadmean
665 3580 716 3634 ud-
770 3580 858 3650 magis
881 3580 990 3649 petivit,
1019 3579 1135 3650 eigentl.
1165 3579 1271 3634 ‘indam
1299 3596 1329 3634 er
1422 3632 1424 3636 .

158 3651 237 3704 vemt
255 3676 288 3694 =
308 3649 513 3704 animadvertit.
546 3681 581 3690 -
615 3651 717 3718 confisi
767 3649 871 3720 jedoch
888 3649 1042 3705 umnichte
1055 3651 1142 3719 mehr,
1161 3650 1188 3705 d.
1202 3650 1229 3705 h.
1243 3650 1327 3705 eben·

158 3721 334 3774 madeant
383 3719 478 3792 (naml.
526 3717 717 3792 insidiatores)
771 3720 895 3792 sowenig
915 3721 1034 3790 auehte’,
1057 3721 1161 3776 ubera:
1187 3720 1271 3775 ‘ohne
1285 3721 1328 3791 J'e·

159 3789 240 3844 stelle
258 3807 307 3844 vor
321 3792 492 3861 priusquam.
769 3791 842 3845 doch
860 3791 960 3845 darum
974 3836 980 3847 .
997 3837 1003 3847 .
1019 3837 1024 3847 .
1039 3810 1074 3846 au
1092 3792 1217 3846 sucben’.
1234 3823 1270 3832 —
1288 3791 1328 3845 Zu

194 3860 243 3915 10.
271 3861 325 3914 Um
347 3861 480 3924 Datames
508 3860 621 3915 endlich
643 3861 715 3916 doch
768 3879 802 3918 ac
821 3879 903 3944 quom
919 3862 974 3933 vgl.
989 3863 1021 3917 Δ.
1036 3863 1068 3918 Β.
1083 3868 1107 3917 o.
1122 3894 1157 3903 -
1171 3863 1223 3932 tut,
1241 3862 1327 3917 namt.

159 3949 192 3983 zu
207 3935 326 4000 str'irzen,
340 3931 526 3986 erbittetaich
535 3931 715 3987 Mithridates
768 3948 837 4002 regn
857 3965 891 3973 -
909 3934 1018 4005 parebat
1036 3932 1139 3987 ‘hielt’.

157 4017 221 4055 vom
248 4000 357 4072 Kbnige
385 4001 430 4056 die
453 4001 617 4071 Erlaubnis‚
646 4003 715 4057 alles
804 4003 854 4058 11.
877 4003 942 4058 Dat.
969 4003 1039 4058 wird
1065 4019 1120 4058 von
1148 4002 1328 4058 Mithridates

157 4072 229 4125 thun
247 4072 475 4142 cadumenses
489 4073 548 4127 ihm
562 4091 596 4127 au
610 4073 716 4128 diesem
770 4090 804 4126 au
822 4073 900 4129 einer
915 4073 1112 4145 Unterredung
1128 4073 1250 4145 geladen
1268 4074 1328 4127 und

158 4142 273 4196 Zweclre
291 4146 344 4214 gut
361 4143 481 4198 scheine.
769 4143 1088 4200 heimtdckiachcrweise
1216 4145 1326 4199 bracht.

194 4219 217 4267 1.
242 4219 358 4269 ectremc
382 4221 497 4284 tempere
521 4213 657 4270 ‘culetat'.
681 4246 715 4255 —
806 4221 829 4270 1.
842 4215 1172 4297 paroriu.aascipi‚im
1212 4215 1327 4270 arrivs

157 4284 220 4339 doio
248 4301 353 4354 capere,
382 4284 421 4338 im
443 4285 476 4339 D.
504 4284 560 4339 ein
582 4285 713 4340 Verbum.
768 4285 1105 4343 Infinitive-videretur
1168 4285 1327 4342 tschiene'.

159 4386 192 4395 -
210 4357 291 4422 fidem
310 4355 367 4410 ‘die
386 4355 595 4426 Zusicherung‘.
769 4389 804 4396 —
815 4359 933 4436 ¹vestiret:
952 4358 1073 4429 abhhng.
1093 4304 1327 4426 Affibrderungs·
