2850 4740
33 4182 39 4195 ,
128 4123 231 4194 Sparta
248 4123 333 4192 ktmp

482 173 553 228 XIV.
582 173 763 229 DATAMES.
801 173 877 229 OAP.
897 181 921 230 1.
1249 173 1291 238 73
1313 182 1316 186 ’

118 337 213 402 facilc
245 336 347 401 conici
378 335 511 421 poterit,
544 358 640 421 quam
672 359 764 402 carus
795 338 862 402 suis
888 336 994 402 fuerit.
1046 334 1126 400 Cum
1153 335 1291 400 Athenis

119 424 377 491 adulescentulus
413 446 542 489 causam
579 425 710 510 diecret,
746 447 811 490 non
848 424 953 490 solum
984 425 1079 489 amici
1110 424 1292 509 privatique

119 514 264 600 hospites
292 514 333 578 ad
360 535 434 578 eum
461 512 694 579 defendendum
721 517 951 599 convenerunt,
983 514 1039 579 sed
1066 513 1162 578 etiam
1190 513 1224 577 in
1251 512 1292 577 iis

120 602 229 687 lason,
265 607 422 687 tyrannus
454 600 651 687 Thessaliae,
688 603 744 688 qui
780 601 837 690 illo
873 606 1017 688 tempore
1034 601 1117 666 ‘fuit
1148 601 1292 666 omnium

120 692 372 778 potentissimus.
421 689 485 755 Hic
512 713 585 756 cum
612 691 647 755 in
673 691 780 777 patria
807 693 875 756 sine
903 690 1096 756 satellitibus
1124 711 1158 754 se
1184 693 1327 754 tutums

120 803 185 846 non
218 779 442 865 arbitraretur,
474 776 619 844 Athenas
652 780 720 844 sine
750 779 817 845 ullo
844 779 1004 865 praesidio
1032 778 1121 843 venit
1146 778 1293 864 tantique

120 870 282 955 hospitem
313 869 404 953 fecit,
435 872 472 933 ut
498 868 611 933 mallet
637 868 706 953 ipse
735 868 849 953 eapitis
876 867 1054 953 periculum
1082 866 1169 931 adire
1197 888 1293 952 quam

121 957 291 1023 Timotheo
323 957 362 1022 de
393 957 480 1021 fama
511 956 677 1021 dimicanti
709 957 827 1022 deesse.
875 955 971 1022 Hunc
1003 956 1154 1020 adversus
1186 958 1293 1019 tamen

121 1047 309 1113 Timotheus
331 1049 445 1131 postea
466 1045 579 1130 populi
601 1045 691 1110 iussu
714 1046 835 1110 bellum
858 1045 971 1131 gessit3
992 1044 1116 1130 patriae
1134 1043 1294 1108 sanctiora

120 1138 192 1202 iura
215 1158 311 1222 quam
333 1133 468 1219 hospitii
491 1156 559 1198 csse
583 1134 682 1199 duxit.
1216 1192 1218 1197 ,

208 1224 296 1289 Haec
320 1228 462 1290 extrema
483 1223 548 1310 fuit
571 1227 658 1288 actas
682 1224 912 1309 imperatorum
930 1220 1186 1304 Atheniensium,
1208 1218 1330 1305 Iphi-4

121 1314 233 1398 cratis,
261 1311 432 1397 Chabriae,
461 1310 636 1397 Timothei,
668 1333 771 1396 neque
798 1315 874 1397 post
900 1311 1031 1376 illorum
1058 1309 1183 1374 obitum
1210 1308 1295 1392 quis-

123 1425 220 1488 quam
247 1401 313 1466 dux
340 1401 374 1465 in
402 1400 465 1465 illa
485 1400 565 1465 urbe
588 1401 651 1464 fuit
673 1400 790 1486 dignus
813 1400 976 1465 memoria.
1020 1398 1125 1464 Venio
1148 1419 1233 1461 nunc
1256 1396 1332 1460 ado

122 1491 336 1556 fortissimum
372 1490 479 1554 virum
514 1489 711 1573 maximique
747 1490 874 1555 consilii
911 1489 1055 1553 omnium
1085 1487 1297 1551 barbarorum

87 1649 89 1652 .
116 1580 264 1665 exceptis
301 1579 426 1644 duobus
462 1576 795 1664 Carthaginiensibus,
828 1577 1012 1647 Hamilcare
1044 1580 1076 1642 et
1106 1573 1296 1638 Hannibtle.

121 1665 171 1733 De
203 1690 267 1753 quo
299 1666 361 1731 hoc
392 1667 486 1752 plura
517 1666 704 1752 referemus,
737 1667 823 1752 quod
852 1670 885 1732 et
911 1667 1098 1732 obscuriora
1125 1667 1201 1727 sunt
1228 1662 1332 1727 eiuso
1416 1702 1419 1709 -

123 1760 215 1842 gesta
236 1757 402 1842 pleraque,
426 1760 462 1819 et
484 1777 534 1839 ea,
562 1777 643 1839 quae
665 1776 818 1840 prospere
841 1757 871 1820 ei
894 1759 1065 1840 cesserunt,
1087 1774 1153 1817 non
1175 1751 1295 1837 mugni-

123 1845 235 1910 tudine
257 1844 431 1929 copiarum,
454 1844 512 1908 scd
533 1843 673 1929 consilii,
696 1866 760 1929 quo
783 1847 854 1909 tum
877 1866 987 1910 omues
1009 1841 1195 1928 superabat,
1218 1839 1297 1904 acci-

124 1935 253 2018 derunt3
285 1954 423 2017 quorum
449 1932 512 1997 uisi
540 1936 623 1997 ratro
651 1933 817 2018 explicata
836 1933 947 2019 fuerit,
975 1954 1025 1997 res
1053 1949 1209 2017 apparere
1232 1948 1297 1992 non

123 2026 283 2108 poterunt.

602 2235 815 2244 -ὴ

608 2555 615 2571 ‚
665 2467 759 2540 nu.

164 2679 166 2692 ,
217 2624 244 2686 1.
272 2621 466 2706 Dattmes,
492 2624 584 2707 patre
613 2620 788 2708 camisam,
815 2623 944 2688 natione
974 2623 1067 2710 Care,
1094 2629 1196 2690 matre
1224 2624 1300 2710 Scy-

125 2711 229 2776 thissa
250 2714 355 2793 natus,
377 2711 518 2795 primum
541 2711 575 2775 in
592 2709 734 2776 militum
752 2732 884 2777 numero
903 2712 966 2778 fuit
984 2714 1070 2798 apud
1087 2712 1299 2781 Artaxerxem

127 2822 251 2884 eorum,
279 2799 334 2884 qui
356 2799 479 2884 regiam
502 2800 683 2866 tuebantur.
728 2800 825 2865 Pater
847 2801 916 2866 eius
941 2799 1132 2887 Camisares,
1158 2802 1244 2887 quod
1267 2806 1299 2867 et

127 2910 224 2952 manu
251 2887 346 2961 fortis
374 2891 406 2951 et
432 2886 518 2951 bello
546 2891 696 2952 strenuus
720 2892 752 2953 et
775 2889 844 2975 regi
866 2889 978 2954 multis
1000 2890 1080 2955 locis
1103 2891 1207 2955 fidelis
1230 2896 1299 2956 erat

127 3094 162 3103 -
181 3062 399 3116 adulescentulus
414 3060 467 3114 ‘als
484 3104 489 3115 .
506 3104 511 3116 .
528 3063 555 3116 .'.
570 3091 604 3102 -
619 3079 684 3116 coo-
739 3063 809 3116 ‘nnd
830 3062 862 3117 kl
915 3065 985 3118 tcu',
1009 3094 1043 3105 -
1067 3065 1184 3134 exceptis
1205 3065 1296 3120 ubere.

127 3150 185 3188 som
216 3133 304 3189 dione
337 3133 346 3158 ‘
406 3131 507 3202 eklagt
536 3131 617 3187 sein’.
650 3163 683 3174 -
738 3133 811 3188 nach
829 3133 863 3188 A.
901 3135 977 3191 ,18⁰.

122 3204 230 3272 privati
251 3204 369 3325 Aequus
388 3203 396 3229 ‘
421 3202 599 3264 reundeans
621 3203 687 3257 dem
775 3210 798 3258 6.
826 3206 876 3260 hoc
894 3231 928 3251 =
947 3221 980 3260 eo
1007 3205 1065 3258 ‘um
1088 3207 1138 3260 so'.
1163 3237 1197 3246 —
1222 3213 1299 3278 pecto

127 3274 288 3329 Privatstan
306 3274 348 3334 e’„
365 3305 398 3314 -
417 3275 503 3329 Iason
521 3290 575 3328 von
592 3273 685 3328 Phert
739 3277 811 3328 statt
829 3291 873 3329 res
887 3278 992 3346 gestae.
1008 3305 1042 3316 -
1056 3277 1222 3345 obscuriora,
1237 3277 1263 3332 d.
1278 3277 1296 3332 i.

126 3345 270 3399 herrschte
288 3349 438 3398 ars-3⁷0.
738 3344 831 3399 minus
853 3347 929 3400 nota.
953 3377 987 3386 -
1011 3347 1081 3402 cedit
1102 3348 1169 3402 miri
1190 3349 1298 3418 aliquod

162 3422 187 3470 3.
216 3432 276 3472 ιιιιιι
303 3415 467 3469 ‘wahrend'.
492 3447 523 3456 -
548 3416 581 3469 de
607 3417 685 3483 famo
741 3417 782 3470 ‘cs
809 3416 920 3486 gelingt
945 3416 999 3470 mir
1025 3419 1125 3486 etwas,
1153 3419 1222 3489 geht
1243 3436 1298 3474 von

129 3488 188 3541 ‘um
219 3484 296 3541 scine
322 3485 417 3553 Ehre',
450 3484 496 3539 die
523 3486 612 3539 durch
639 3485 696 3539 die¹
740 3488 868 3542 statten'.
886 3517 920 3528 -
939 3490 1012 3543 ratio
1029 3487 1091 3542 hier
1110 3488 1231 3543 ‘innerer
1245 3489 1297 3543 Zu-

127 3557 257 3627 Anklagc
280 3554 430 3637 gefahrdct
451 3573 517 3611 war.
543 3588 574 3596 -
598 3558 685 3611 deesse
739 3558 961 3629 sammenhang’.
988 3589 1022 3600 -
1045 3561 1182 3628 explicata
1203 3562 1297 3629 fucrit,

129 3628 216 3682 ‘ferne
238 3626 374 3695 hlelben',
402 3626 428 3680 d.
451 3627 479 3682 h.
503 3627 601 3682 seinen
622 3626 685 3680 Bei—
739 3628 778 3682 im
810 3628 843 3683 D.
880 3632 989 3699 gentigt
1020 3629 1070 3695 das
1102 3631 1229 3685 Prttsens.
1264 3663 1297 3671 —

126 3699 213 3757 stand
235 3713 378 3767 versagen.
398 3728 433 3738 -
451 3698 538 3752 Hunc
556 3699 685 3753 adversm
738 3717 872 3769 apparere
890 3699 1028 3754 ‘deutlich
1045 3701 1177 3756 werden'.

128 3796 163 3821 ιι,
176 3770 316 3823 Adversus
334 3768 415 3822 hunc.
964 3804 1072 3812 —-——

162 3848 188 3895 4.
202 3841 352 3909 Iphicrate
365 3857 431 3894 usw.
446 3838 485 3893 ist
497 3839 686 3909 Erltuteruug
776 3841 805 3897 1.
823 3841 964 3911 Datames,
983 3840 1029 3895 ein
1047 3841 1203 3911 persischer
1216 3842 1298 3896 Feld-

127 3930 162 3965 ιιι
184 3913 249 3966 hoec
272 3906 391 3983 (‘dies’)‚
412 3909 546 3963 ‘ntmlich
565 3910 616 3965 das
636 3910 684 3964 des
739 3913 816 3980 herr,
839 3911 910 3966 wird
932 3912 1005 3967 nach
1029 3912 1093 3966 dem
1111 3912 1188 3967 Tode
1207 3913 1297 3968 seines

127 3983 209 4053 Iph’.
233 4014 268 4022 -
291 3969 368 4034 Uber
391 3981 536 4049 Chabrias„
559 3981 610 4034 der
632 3983 684 4034 378
740 3983 841 4036 Vaters
860 3983 1030 4038 Statthalter
1047 3983 1077 4036 in
1096 3982 1219 4039 Cilicien.

127 4052 181 4107 mit
208 4052 306 4121 Erfolg
334 4068 449 4176 ptqgcnl
491 4051 688 4176 ''quiqalqsvupn
741 4052 1089 4193 sefforaqpposition
1108 4073 1142 4107 zu
1157 4063 1298 4181 patrm

403 4141 418 4174 v
452 4166 457 4177 .
594 4165 599 4177 .
636 4140 685 4176 ra.
823 4141 879 4179 assa
901 4143 925 4178 rs
986 4142 1142 4179 rennamc.
1161 4157 1196 4166 -
1288 4157 1298 4166 -

129 4226 163 4236 -
187 4194 227 4248 Zu
248 4211 333 4263 neque
356 4141 500 4262 qdisguom
523 4211 543 4248 s.
568 4193 600 4247 A.
615 4194 646 4248 B.
661 4200 685 4247 5.
740 4195 836 4249 xerxes
856 4196 890 4250 H.
918 4144 1049 4250 Mnenion
1077 4202 1235 4251 405-359.
1265 4227 1299 4237 -
1336 4229 1338 4231 >

164 4271 188 4320 5.
199 4266 364 4333 rnaccimique
373 4266 489 4332 consilii,
503 4281 566 4334 gen.
578 4264 686 4332 qualit,
741 4267 834 4320 vualtis
866 4267 931 4321 locis
960 4267 1018 4321 ‘bei
1045 4266 1136 4320 vielen
1163 4266 1299 4337 Gelegen-

129 4334 687 4406 demSuperl.foniasimcmbeigeordnet,
741 4335 857 4391 heiten’.
