2850 4740
418 204 451 258 11.
481 201 760 261 THEMISTOOLES.
799 192 874 258 CAP.
896 209 919 259 7.
934 155 963 258 a.
1232 204 1274 268 21

107 365 224 432 Gestus
256 369 304 430 est
336 366 365 430 ei
397 388 480 452 mos,
512 369 640 450 tresque
672 366 771 452 legati
803 365 906 430 functi
937 366 1071 430 summis
1102 366 1314 431 honoribuss

106 454 251 520 Athenas
273 454 365 519 missi
388 459 470 519 sunt.
527 454 608 519 Cum
630 454 682 518 his
705 453 844 539 collegas
867 476 941 518 suos
964 454 1195 520 Themistocles
1218 455 1279 519 ius·

99 545 149 608 ‘sit
182 543 344 628 proficisci
376 544 479 627 iisque
506 543 679 628 praedixit,
709 547 746 608 ut
773 556 813 608 ne
839 543 929 627 prius
955 542 1280 608 Lacedaemoniorum

106 633 231 718 legatos
255 632 463 718 dimitterent,
487 655 584 716 quam
607 633 674 717 ipse
697 636 780 698 esset
802 633 961 696 remissus.
1011 631 1081 696 Hos
1108 636 1315 717 postquam

105 721 249 785 Athenas
285 721 470 804 pervenisse
506 725 595 785 ratus
633 725 694 804 est,
732 720 773 784 ad
808 721 1034 806 magistratum
1071 725 1281 805 senatumque

105 809 431 888 Lacedaemoniorum
463 809 542 873 adiit
574 813 607 873 et
637 808 722 893 apud
754 829 808 873 eos
834 808 998 872 liberrime
1027 808 1191 893 professus
1220 811 1280 873 est:

105 896 312 962 Atheniensis
339 919 397 962 suo
426 897 574 982 consilio,
602 897 688 981 qnod
715 898 878 961 communi
905 897 974 961 iure
1004 897 1149 983 gentium
1177 897 1280 961 facere

105 990 248 1072 possent,
288 986 427 1070 deosque
463 985 609 1070 publicos
647 1007 785 1070 suosque
817 986 939 1070 patrios
971 1006 1008 1049 ac
1038 991 1183 1070 penates,
1216 1008 1280 1070 quo

105 1075 232 1139 facilius
259 1075 300 1138 ab
327 1073 420 1139 hoste
448 1079 582 1159 possent
610 1074 791 1158 defendere,
818 1075 919 1139 muris
943 1075 1098 1158 saepsisse
1120 1096 1224 1158 neque
1247 1075 1280 1137 in

106 1187 157 1249 co,
185 1163 272 1248 qnod
299 1162 414 1227 inutile
441 1166 525 1228 esset
549 1162 712 1249 Graeciae,
739 1163 861 1227 fecisse.
906 1161 992 1228 Nam
1015 1162 1144 1228 illorum
1167 1162 1279 1226 urbem
1300 1179 1315 1225 5

105 1257 143 1317 ut
173 1251 451 1336 propugnaculum
485 1252 667 1336 oppositam
697 1273 767 1316 esse
794 1252 953 1333 barbaris3
981 1251 1065 1335 apud
1092 1273 1188 1335 quam
1216 1252 1280 1314 iam
1307 1250 1309 1254 ’

105 1341 155 1405 bis
188 1340 306 1405 classes
338 1341 443 1425 regias
475 1340 589 1404 fecisse
616 1339 829 1426 naufragium.
874 1338 1143 1404 Lacedaemonios
1174 1343 1315 1406 entenic

105 1429 189 1493 male
213 1432 245 1493 et
268 1429 387 1492 iniuste
410 1428 522 1514 facere,
545 1429 601 1513 qui
624 1429 658 1492 id
675 1429 785 1513 potius
804 1429 1016 1513 intuerentur,
1032 1428 1118 1512 quod
1136 1429 1281 1512 ipsorum

30 1592 32 1594 ¹
106 1517 328 1602 dominationi,
350 1539 448 1602 qnam
470 1517 557 1602 qnod
580 1517 747 1582 universae
771 1515 921 1582 Graeciae
940 1516 1019 1581 utile
1038 1520 1130 1581 esset.
1168 1516 1281 1600 Quare,

107 1607 135 1670 si
166 1627 242 1670 suos
273 1605 397 1691 legatos
424 1607 565 1690 recipere
597 1605 731 1691 vellent,
763 1627 845 1689 quos
874 1604 1019 1670 Athenas
1051 1605 1219 1690 miserant,
1248 1627 1281 1669 se

106 1694 320 1779 remitterent,
348 1715 421 1759 cum
451 1695 545 1760 aliter
572 1694 647 1759 illos
676 1715 840 1779 nunquam
868 1694 902 1757 in
929 1695 1067 1778 patriam
1098 1698 1205 1759 essent
1235 1715 1281 1758 re-

105 1782 237 1866 cepturi.
321 1816 323 1818 ·
1272 1817 1273 1820 κ

195 1871 224 1935 8.
248 1869 368 1934 Tamen
391 1893 456 1936 non
480 1871 595 1956 effugit
618 1871 736 1943 civium
760 1892 891 1935 snorum
915 1870 1077 1934 invidiam.
1130 1869 1291 1954 Namque

106 1959 148 2024 ob
172 1958 308 2032 eundem
331 1959 495 2045 timorem,
518 1981 582 2044 quo
607 1960 775 2024 damnatus
799 1964 867 2023 erat
888 1959 1067 2043 Miltiades,
1090 1959 1280 2028 testularum

87 2250 111 2273 ⁸
142 2244 165 2292 3.
182 2239 325 2308 praedicit
349 2238 417 2309 ‘gab
430 2238 526 2293 ihnen
548 2239 588 2292 im
606 2255 667 2292 vor·
692 2306 694 2311 Ι
720 2238 818 2293 landet
835 2254 938 2306 waren,
957 2237 1178 2292 unverrichteter
1191 2237 1280 2292 Sache

107 2326 158 2363 aus
182 2309 237 2363 den
254 2309 401 2382 Austrag’‚
424 2326 479 2364 von
501 2309 593 2379 einem
615 2310 667 2364 Be·
720 2308 793 2364 nach
810 2309 897 2364 Asien
915 2308 1168 2364 aurnclmnkehren.
1203 2373 1205 2377 y

105 2379 189 2450 fehle‚
208 2380 258 2434 der
271 2380 350 2435 nicht
365 2379 462 2449 sofort,
476 2380 596 2435 condem
610 2381 668 2434 eret
756 2385 781 2434 0.
801 2382 849 2461 qui
866 2381 897 2435 id
911 2381 1207 2449 coemissorem,
1231 2380 1281 2434 der

107 2469 141 2504 zu
159 2450 251 2505 seiner
268 2449 330 2505 Zeit
347 2469 382 2504 au
398 2449 554 2506 vollziehen
570 2450 617 2506 ist.
631 2480 667 2492 -
720 2449 893 2505 Relativsatn
918 2449 998 2505 dient
1016 2467 1066 2504 aur
1082 2450 1280 2521 Begrundung,

106 2521 157 2577 Bei
181 2522 245 2575 dem
266 2520 555 2591 nachdrficlrlicheren
580 2528 612 2577 ut
633 2539 667 2576 ae
723 2521 772 2575 ‘da
790 2520 850 2577 sie'.
870 2553 906 2562 —
922 2539 959 2591 se,
977 2519 1201 2590 Themistoclem,
1220 2521 1280 2576 also
1373 2534 1374 2537 ’

107 2592 160 2662 (‘ja
173 2592 275 2660 nicht')
288 2591 462 2646 wird'durch
475 2609 509 2646 ac
525 2591 605 2646 nicht
618 2592 668 2646 der
723 2591 803 2647 ‘ihn’.
1240 2633 1241 2637 η

107 2679 195 2734 ganne
219 2662 297 2732 Sata,
321 2663 442 2717 sondern
455 2662 667 2734 ”voi-augsweise
756 2662 786 2718 8.
805 2662 888 2717 Treta
911 2661 1003 2717 seiner
1024 2661 1191 2717 Verdienste
1206 2662 1280 2716 musa

106 2751 159 2787 nur
177 2733 225 2788 ein
242 2733 382 2788 einzelnen
403 2732 512 2804 Begriff
530 2734 665 2788 verneint.
720 2731 1278 2804 'stem(470)dasVaterlandverlassen.
1345 2754 1347 2757 ¹

106 2804 238 2859 Welcher
255 2803 334 2860 hier?
719 2805 866 2859 Nachdem
875 2819 907 2858 er
915 2820 952 2859 an
963 2801 1181 2859 verschiedenen
1194 2802 1280 2858 Orten

141 2883 166 2930 4.
185 2875 248 2930 Hos
262 2882 408 2946 postcomm
417 2876 570 2946 maiore
586 2881 665 2938 ratus
719 2874 982 2946 Zufluchtgesucht,
992 2872 1288 2945 gelangterschliese

106 2954 157 3015 est,
184 2945 236 3000 wir
254 2946 310 3001 mit
337 2946 518 3000 nstandai-ter
539 2945 664 3000 Korsote:
718 2946 776 3000 lich
793 2946 868 3001 nach
885 2945 1020 3016 Ephesus.

108 3016 265 3071 ‘Nachdem
283 3017 362 3071 diese
376 3016 667 3086 semer-Bereohnung
757 3024 780 3071 1.
816 3017 931 3085 Tamen,
964 3015 1027 3070 sehr
1058 3013 1280 3070 nachdrdcklich

106 3088 179 3141 nach
203 3103 220 3140 a
260 3087 358 3169 elangt
378 3088 493 3143 waren’.
524 3119 558 3128 -
588 3104 666 3142 seac-
719 3087 928 3157 varengestellt.
982 3085 1114 3141 Welcher
1145 3085 1279 3141 Gadanke

106 3157 667 3298 r
719 3158 801 3284 us
970 3175 1281 3299 aff

107 3272 268 3354 diedasdli.
276 3299 449 3370 Lebenejahr
459 3299 667 3355 dberschritten
721 3293 1279 3370 das‘Scherbengericht’(Ostrakismos).

107 3370 221 3439 hatten,
249 3371 307 3424 und
324 3370 389 3427 aden
413 3370 517 3434 beiden
537 3370 667 3441 Kdnigen
719 3371 815 3425 Dnrch
838 3370 929 3424 dieses
947 3387 1002 3424 von
1021 3367 1198 3424 Kleisthenes
1222 3369 1280 3424 ein-
1309 3431 1311 3435 Α

106 3439 666 3498 berrano.-Auenseao=a.13.1b.-
721 3441 850 3512 gemnae
864 3440 1020 3496 Verfahren
1037 3438 1098 3494 noti
1161 3456 1228 3496 man
1246 3458 1280 3496 an

106 3513 169 3570 deos
201 3512 327 3582 publicos
362 3511 420 3567 ‘die
456 3511 591 3567 National
612 3513 667 3566 ott-
720 3512 815 3566 Athen
841 3512 961 3583 Burger,
993 3511 1080 3566 deren
1134 3511 1201 3566 aoht
1222 3512 1281 3566 und

106 3582 224 3652 heiten’,
246 3582 357 3645 welche
374 3582 405 3636 in
427 3599 499 3654 gana
518 3581 600 3638 Griec
620 3598 668 3636 en·
720 3581 1046 3654 Einflussgefahrlichau
1054 3582 1280 3651 werdenschien,

105 3653 174 3708 land
192 3653 303 3708 verehrt
324 3654 452 3724 wurden,
472 3656 579 3724 patrios
610 3653 667 3706 ‘die
722 3654 778 3708 den
787 3653 869 3708 Stant
883 3652 935 3707 aul*
946 3658 980 3709 10
988 3652 1074 3707 Jahre
1088 3671 1122 3708 au
1131 3653 1280 3722 verlassen‚

106 3723 182 3778 ihrer
208 3723 400 3792 Vaterstadt’,
425 3731 538 3794 penates
567 3724 667 3778 ‘Hane
717 3724 821 3794 jedoch
835 3724 907 3779 ohne
920 3722 1055 3779 Nachteil
1069 3722 1115 3777 fur
1131 3723 1193 3778 ihre
1207 3723 1281 3778 Ehre
1378 3771 1379 3775 ,

58 3819 59 3823 ’
107 3795 227 3865 gotter'3
243 3812 349 3864 quc...
365 3797 600 3866 purast...et;
616 3810 667 3864 prro
721 3795 780 3848 und
797 3795 843 3848 ihr
860 3794 1026 3867 Vermdgen
1062 3793 1116 3849 Die
1134 3794 1281 3849 Entschei-

108 3870 240 3934 =uteo;
254 3866 668 3936 zudcfendereub(‘vor’)leostc
722 3866 800 3936 dung
809 3865 928 3936 erfolgte
938 3864 1281 3920 enfeineninderVolks·

108 3941 228 4008 erpdnze
251 3951 306 3991 eos.
325 3968 360 3978 -
379 3936 437 3993 Vos
459 3935 531 4018 meod
549 3942 668 4007 erghnze
721 3936 928 4006 versammlung
976 3935 1127 4061 pastellten
1171 3937 1282 4007 Antrag

106 4007 147 4061 im
163 4007 197 4062 D.
222 4007 342 4078 ‘etwas’,
366 4008 417 4062 das
439 4011 493 4062 mit
514 4025 599 4078 aeque
621 4025 668 4060 nu·
722 4008 810 4062 durch
825 4007 920 4062 kleine
934 4006 976 4061 Ta
989 4007 1088 4061 elchen
1101 4007 1168 4061 oder
1183 4007 1280 4062 Scher-

108 4093 233 4134 sammen
252 4078 322 4132 ‘und
339 4078 444 4138 nichts’
464 4078 551 4150 gicht.
721 4079 778 4132 ben
796 4077 964 4149 (griechisch
978 4077 1101 4146 ostrilra,
1119 4077 1169 4158 lat.
1188 4082 1280 4133 testae

108 4237 129 4273 s.
143 4150 273 4301 dimid
287 4150 667 4301 yduffffieiiinriicnif
721 4147 1281 4299 3331,meppdppfppnpprppipeppg

106 4289 163 4344 Der
172 4289 239 4361 Sreg
252 4290 299 4345 ber
310 4290 462 4346 Marathon
474 4291 585 4362 ndtigte
595 4290 667 4344 anch
721 4290 880 4357 schrieben;
899 4307 928 4344 es
946 4307 1042 4345 waren
1059 4296 1130 4344 0000
1144 4289 1280 4343 Strmmen

107 4360 153 4415 die
171 4361 278 4431 Flotte,
299 4361 352 4417 mit
371 4362 420 4417 der
439 4362 484 4418 die
503 4363 601 4417 Perser
619 4378 666 4432 ge·
720 4360 909 4430 erforderlich,
928 4379 976 4415 um
991 4361 1036 4415 die
1050 4361 1233 4430 Verweisung
1247 4378 1279 4414 zu
