2850 4740
158 179 221 244 122
471 180 542 235 XXI.
573 180 621 234 DE
640 179 804 236 REGIBUS.
842 181 917 237 CAP.
938 189 962 236 2.
983 191 1006 237 3.

158 343 232 426 trit,
254 346 300 427 et,
328 342 361 405 id
385 344 470 427 quod
494 343 527 407 in
551 347 688 428 tyranno
711 355 783 408 non·
799 344 892 408 facile
915 345 1082 429 reperitur,
1105 345 1236 409 minime
1259 344 1332 408 libi·

154 432 298 516 dinosus,
320 453 385 495 non
408 431 606 516 luxuriosus,
632 453 697 497 non
721 454 849 517 avarus,
872 432 992 497 nullius
1017 433 1152 518 denique
1176 433 1222 497 rei
1245 433 1332 518 cupi·

154 520 216 584 dus
243 519 306 584 nisi
335 520 508 606 singularis
535 521 745 606 perpetuique
772 521 913 607 imperii,
942 523 984 586 ob
1011 544 1144 606 eamque
1173 544 1239 586 rem
1262 543 1333 587 cru·

154 608 244 673 delis.
298 606 397 693 Nam,
430 609 506 673 dum
538 609 571 672 id
603 609 728 673 studuit
755 610 893 695 munire,
920 610 1041 675 nullius
1068 610 1210 695 pepercit
1237 611 1333 694 vitae,

118 718 251 784 aquem
279 697 348 761 eius
378 697 600 763 insidiatorem
626 701 763 782 putaret.
808 697 871 762 Hic
890 721 963 762 curn
986 700 1105 763 virtute
1129 699 1332 783 tyrannidem

154 787 218 851 sibi
245 787 436 872 peperisset,
463 808 580 872 magna
607 786 741 851 retinuit
768 787 930 852 felicitate.
985 787 1089 852 Maior
1117 787 1202 852 enim
1230 808 1332 852 annos

154 874 213 939 LX
241 879 336 939 natus
365 875 501 940 decessit
528 875 663 940 florente
690 897 803 961 regno,
831 898 933 960 neque
957 876 990 940 in
1015 881 1081 940 tam
1104 876 1215 941 multis
1239 876 1332 940 annis

154 964 345 1047 cuiusquam
372 985 411 1029 ex
440 986 498 1028 sua
525 963 625 1048 stirpe
648 964 745 1028 funus
769 964 863 1049 vidit,
890 986 963 1029 cum
986 986 1025 1029 ex
1048 965 1153 1029 tribus
1176 964 1332 1029 uxoribus

154 1051 274 1116 liberos
321 1057 499 1118 recreasset
516 1053 678 1139 multique
702 1053 731 1116 ei
755 1052 823 1117 nati
846 1057 953 1117 essent
976 1058 1117 1139 nepotes.

245 1141 274 1206 3.
333 1146 451 1206 uerunt
482 1146 647 1227 praeterea
679 1141 789 1227 magni
820 1163 912 1227 reges
945 1164 984 1206 ex
1017 1141 1129 1207 amicis
1156 1140 1330 1206 Alexandri

155 1228 280 1314 Magni,
307 1229 363 1313 qui
394 1234 470 1315 post
498 1229 624 1294 obitum
652 1230 720 1294 eius
748 1230 883 1314 imperia
906 1235 1071 1315 ceperunt,
1103 1231 1136 1294 in
1165 1230 1217 1294 his
1241 1229 1333 1294 Anti·

153 1320 260 1404 gonus
283 1322 316 1382 et
338 1318 434 1383 huius
457 1318 544 1383 filius
567 1318 765 1403 Demetrius,
787 1317 1012 1404 Lysimtchus,
1036 1317 1201 1404 Seleucus,
1228 1317 1334 1383 Ptole·

117 1426 273 1476 amaeus.
329 1406 380 1472 Ex
412 1406 464 1471 his
491 1405 677 1492 Antigonus
708 1407 743 1471 in
774 1407 897 1492 proelio
904 1459 912 1491 ,
943 1430 1016 1473 cum
1043 1408 1196 1472 adversus
1224 1404 1332 1471 Seleu·

155 1517 229 1561 cum
252 1499 285 1559 et
306 1493 535 1579 Lysimachum
559 1495 735 1580 dimicaret,
757 1495 882 1561 occisus
906 1500 962 1560 est.
1008 1494 1084 1560 Pari
1107 1496 1172 1566 leto
1199 1496 1333 1560 affectus

155 1588 205 1650 est
227 1583 439 1668 Lysimachus
463 1584 504 1649 ab
523 1582 670 1650 Seleuco:
693 1605 831 1669 namque
854 1585 1007 1649 societate
1031 1584 1189 1649 dissoluta
1212 1583 1332 1649 bellurn

119 1673 240 1742 ainter
267 1694 301 1737 se
329 1677 506 1758 gesserunt.
556 1671 602 1736 At
624 1672 821 1758 Demetrius,
849 1695 922 1738 cum
951 1673 1053 1737 filiam
1080 1696 1172 1737 suam
1200 1671 1332 1738 Seleuco

155 1763 189 1827 in
216 1761 458 1826 matrimonium
485 1761 626 1826 dedisset
653 1784 755 1846 neque
784 1783 821 1826 eo
849 1761 953 1847 magis
982 1762 1048 1826 fida
1070 1763 1155 1826 inter
1178 1783 1233 1825 eos
1257 1762 1334 1826 ami·

100 1881 141 1924 sss
155 1850 232 1915 citis
259 1872 387 1915 manere
414 1850 587 1935 potuisset,
615 1854 729 1935 captus
757 1850 842 1914 bello
871 1851 904 1914 in
932 1850 1079 1915 custodia
1107 1871 1197 1915 socer
1224 1850 1331 1936 generi

118 1960 136 2011 4
177 1938 252 2003 eriit
283 1939 405 2003 morbo.
460 1937 574 2024 Neque
605 1939 652 2004 ita
683 1939 786 2003 multo
818 1943 894 2023 post
922 1937 1073 2004 Seleucus
1102 1961 1121 2003 a
1147 1938 1333 2004 Ptolemaeo

155 1963 301 2092 Serenae
337 2027 413 2092 dolo
450 2027 638 2092 interfectus
676 2032 737 2112 est,
775 2049 871 2112 quem
903 2026 957 2092 ille
990 2050 1009 2092 a
1040 2032 1131 2113 patre
1164 2026 1334 2112 expulsum

155 2115 366 2201 Alexandrea,
389 2115 566 2180 alienarum
585 2138 683 2200 opum
701 2115 909 2202 indigentem,
926 2121 1097 2201 receperat.
1134 2113 1150 2180 l
1174 2137 1207 2180 se
1226 2120 1334 2181 autem

155 2203 373 2289 Ptolemaeus,
396 2227 470 2270 cum
493 2205 585 2269 vivus
607 2204 676 2269 filio
699 2226 835 2291 regnum
858 2203 1054 2291 tradidisset,
1076 2205 1117 2270 ab
1142 2205 1148 2218 '
1177 2226 1196 2269 o
1220 2204 1332 2269 eodem

156 2293 223 2359 vita
246 2293 391 2379 privatus
415 2292 540 2358 dicitur.

156 2434 187 2488 id
205 2433 286 2502 quod,
305 2430 356 2486 auf
372 2430 427 2485 den
445 2448 553 2501 ganzen
571 2431 636 2486 Sata
655 2431 717 2487 hin-
808 2438 832 2485 2.
851 2433 883 2485 in
897 2432 1011 2502 proelio,
1030 2431 1077 2487 bei
1095 2433 1174 2502 Ipsus
1197 2432 1227 2485 in
1245 2432 1333 2500 Phry·

154 2498 288 2571 weisarii,
307 2501 380 2557 blols
400 2502 490 2556 ‘was'.
505 2535 540 2544 -
558 2504 664 2558 nudius
675 2547 680 2558 .
692 2545 716 2559 ..
772 2501 846 2573 gien,
860 2501 900 2556 im
912 2501 937 2556 J.
952 2507 1013 2557 301.
1024 2535 1058 2543 -
1069 2503 1141 2558 Pari
1155 2504 1205 2558 leto
1219 2503 1334 2570 affectes

155 2576 212 2630 nisi
239 2573 330 2628 ubere.
358 2573 431 2627 nach
457 2573 489 2628 A.
508 2574 539 2629 B.
560 2579 583 2628 5.
608 2605 642 2614 -
659 2576 717 2630 sin-
771 2579 810 2629 eat
828 2572 930 2627 ‘Einen
939 2572 1069 2655 gleichen
1082 2572 1143 2627 'lod
1159 2573 1247 2640 land'‚
1262 2573 1288 2628 d.
1304 2573 1333 2626 h.

156 2646 263 2770 pellaris
290 2645 466 2726 perpetuique
497 2645 607 2726 tenurit
633 2645 718 2699 ‘nach
772 2643 909 2699 ebenfalls
945 2661 976 2698 m
1007 2643 1085 2698 einer
1116 2643 1261 2712 Schlacht,
1295 2642 1334 2697 im

168 2714 413 2814 ebensltnglrcher
442 2714 716 2813 Allerphensahatt'.
770 2714 795 2769 J.
815 2720 875 2769 281.
1087 2786 1093 2798 ὁ
1132 2787 1140 2813 ε
1276 2783 1282 2796 ⁸

157 2820 190 2830 -
214 2787 281 2841 dum
316 2785 431 2856 solunge
454 2786 539 2857 (als).
558 2818 592 2828 -
610 2788 718 2843 nullaesa
807 2791 832 2839 3.
855 2801 940 2867 nepae
962 2803 992 2841 eo
1017 2803 1105 2856 irroges
1143 2787 1201 2840 und
1226 2785 1333 2857 gleich-

157 2859 237 2913 dient
247 2856 289 2911 als
299 2855 397 2912 Genet.
406 2874 438 2910 zu
448 2873 717 2928 nemu-quem...
772 2856 848 2911 wohl
870 2856 969 2912 meht'.
997 2888 1032 2897 -
1054 2874 1141 2925 socer,
1164 2857 1188 2910 A
1209 2855 1334 2927 position

153 2928 342 3025 putara‘von
356 2927 418 2981 dem
429 2944 459 2982 er
465 2928 590 3010 glauben
598 2928 718 3013 mochte,
773 2945 808 2982 au
827 2927 991 3024 meetrius,
1013 2928 1066 2997 ‘er‚
1090 2928 1140 2982 der
1162 2927 1197 2982 Sc
1217 2925 1335 3010 wicger-

155 2999 395 3128 ttttatt
411 2998 661 3140 {tettan
674 3018 718 3125 ‘t
772 2999 1335 3124 stt‘ndtncsstthardmtt

157 3142 241 3197 einen
259 3140 324 3194 Sata
343 3140 399 3194 auf.
771 3156 845 3195 socer
863 3087 932 3194 heht
950 3139 1001 3194 das
1019 3139 1201 3195 Anffallende
1221 3088 1269 3194 des
1284 3140 1335 3194 Er·

192 3218 217 3268 8.
233 3213 332 3267 vincte
344 3211 397 3266 wie
413 3217 437 3280 1,
454 3217 479 3266 2.
490 3244 524 3252 —
534 3212 632 3267 Maior
640 3230 717 3279 usw,
772 3209 908 3282 eignisses
927 3211 1033 3266 hervor.

158 3283 250 3338 ‘mehr
263 3279 316 3336 als'
333 3282 399 3336 oder
415 3282 495 3337 ‘tiber
509 3287 543 3336 60
557 3282 641 3338 Jshre
656 3283 718 3338 alt'.

157 3386 191 3398 ·-
210 3356 242 3409 in
268 3353 433 3408 ‘wthrend'.
452 3385 487 3393 —
507 3371 568 3408 eurr
587 3395 593 3408 .
610 3398 636 3408 ..
691 3371 718 3408 o·

154 3431 272 3482 measaet
303 3424 493 3494 (betoaenea
520 3425 624 3493 hatte’)
652 3371 718 3479 hh-

158 3497 378 3635 ffilllllntgrislihl'
388 3564 434 3619 die
453 3566 527 3620 nach
545 3565 717 3648 Aleranders

155 3639 205 3694 des
231 3636 349 3694 Grolsen
368 3636 444 3692 Tude
468 3636 523 3691 den
545 3636 718 3708 Komgstitel

155 3709 323 3766 aunahmen.

194 3786 217 3835 1,
232 3796 267 3834 ca
280 3779 394 3834 ‘unter’.
409 3811 443 3819 -
457 3778 574 3848 imperia
590 3784 718 3848 asperrmt

158 3849 280 3906 ‘Throne
298 3849 486 3904 einnshmen'.
506 3848 718 3921 &Anapum

157 3923 214 3977 und
233 3920 294 3976 sein
312 3919 389 3976 Sohn
406 3921 564 3976 Danaas
581 3918 635 3974 mit
653 3920 718 3974 dem

157 3993 310 4049 Beinamen
341 3991 524 4062 Poliorcetes,
551 3990 576 4045 d.
604 3989 717 4045 Stadte·

156 4065 299 4132 ereberer,
325 4063 447 4117 nahmen
475 4067 527 4117 800
541 4080 566 4117 v.
581 4060 643 4118 Ohr.
670 4059 717 4116 die

156 4132 360 4207 Ktnigswdrde
391 4132 437 4189 fdr
473 4133 524 4187 das
557 4130 718 4188 kleinasiat.

157 4206 260 4262 Gabiet
268 4205 298 4258 in
307 4203 467 4275 Anspruch;
478 4203 582 4258 ebenso
589 4203 717 4275 muma-

154 4275 565 4344 elmsfdr'l'hraoien,Seleacus
573 4274 719 4344 fflrBaby-

154 4349 251 4407 Ionian
265 4346 324 4405 uud
338 4347 509 4404 Ptolemaeus
517 4345 564 4400 fnr
576 4333 717 4417 Agypten.

808 3289 833 3337 4.
844 3300 863 3336 a
873 3283 1026 3337 Ptolemaeo
1037 3282 1162 3338 Cerauno
1168 3281 1218 3352 (Ἦ.
1229 3279 1334 3350 Blitz’),

773 3352 865 3408 cinam
883 3352 975 3408 Sohne
994 3353 1043 3407 des
1062 3352 1093 3406 in
1110 3358 1151 3419 §1
1171 3352 1334 3407 erwthnten

773 3423 941 3479 Ptolemtus.
979 3422 1036 3478 Der
1053 3422 1114 3478 'lod
1137 3423 1187 3478 des
1208 3423 1335 3479 &meres

772 3494 892 3565 erfolgte
914 3493 954 3548 im
976 3493 1001 3549 J.
1015 3500 1076 3550 280.
1101 3526 1134 3535 -
1157 3494 1335 3549 Alexandrea

772 3552 1334 3706 {aalma

828 3725 854 3762 m
878 3706 941 3763 hier
963 3704 1154 3777 ‘Hilfsmittel,
1177 3706 1274 3762 Hilfe’.
1299 3738 1334 3747 -

785 3795 835 3847 pse
858 3785 948 3834 seam
971 3779 1154 3847 Pwkmaeua
1181 3776 1262 3832 nicht
1284 3775 1335 3831 Oe-

771 3864 885 3917 raunus,
910 3847 1031 3903 sondem
1049 3848 1099 3904 der
1121 3854 1167 3915 §2
1191 3847 1335 3902 erwahnte

770 3918 860 3974 Vater
874 3918 1030 3989 desselben,
1044 3918 1097 3974 mit
1106 3918 1170 3974 dem
1179 3917 1335 3974 Beinamcn

770 3989 842 4061 Lagi
860 3989 948 4061 (Sohn
969 3990 1019 4046 des
1040 3991 1146 4061 Lagus)
1164 3990 1232 4045 oder
1254 3988 1336 4044 Soter

774 4060 901 4132 (ltetter).
938 4061 977 4114 Er
989 4061 1068 4118 starb
1082 4066 1143 4118 288.
1179 4061 1236 4116 Der
1249 4060 1334 4130 Sohn,

772 4131 894 4186 welcher
920 4131 980 4186 ihm
1006 4131 1108 4204 folgte‚
1140 4130 1213 4186 hiess
1239 4130 1335 4188 Ptole·

773 4207 854 4258 mtus
890 4203 1107 4275 Philadelphum
1144 4202 1206 4257 dass
1243 4201 1336 4256 dieser

773 4272 842 4329 aber
860 4274 957 4329 seinen
970 4275 1058 4331 Vater
1071 4275 1182 4346 getotet
1194 4273 1277 4342 habe,
1295 4272 1335 4326 ist

773 4342 820 4399 ein
833 4345 943 4401 Irrtum.
953 4377 988 4387 -
997 4347 1076 4403 mose
1090 4343 1149 4399 ‘bei
1159 4343 1334 4400 Lebasiteu'.
