2850 4740
137 185 158 251 6
497 185 518 241 Ι.
542 186 746 242 ΜΠιΤΙΑΒΕΒ.
784 187 860 242 OAP.
881 195 905 242 2.
925 195 949 244 8.

135 347 225 433 perio
249 369 346 434 quam
364 347 489 413 institia
507 352 704 414 oonseoutus.
741 348 854 433 Neque
876 372 913 414 eo
932 352 1031 417 setius
1049 349 1303 418 Atheniensibus

135 458 155 503 a
177 437 296 522 quibus
313 440 382 501 erat
399 437 573 523 profectus,
593 437 701 502 offioio
718 438 911 523 praestabat.
949 438 1075 517 Quibus
1091 441 1188 534 rebus
1205 405 1315 528 fiebat}

135 528 261 592 utnon
283 525 390 590 minus
413 547 525 591 eorum
547 526 714 591 voluntate
736 530 928 612 perpetuum
951 528 1123 614 imperium
1142 530 1313 616 obtineret,

136 613 193 699 qui
215 614 379 700 miserant,
402 635 499 701 quam
522 614 663 700 illorum,
686 636 759 680 oum
783 616 902 701 quibus
925 621 994 682 erat
1015 618 1187 702 profectus.

98 720 117 769 4
224 701 424 768 Chersoneso
446 703 506 768 tali
527 703 625 768 modo
648 704 824 772 constituta
841 704 999 770 Lemnum
1022 707 1195 771 revertitur
1217 711 1249 772 et
1272 730 1312 784 ex

134 794 230 877 poeto
252 791 405 877 postulat,
427 795 464 857 ut
487 792 551 857 sibi
574 792 687 857 urbem
710 792 852 878 tradant3
878 793 927 858 illi
950 794 1036 859 enim
1060 795 1215 881 dixerant,
1238 817 1312 861 oum

135 882 232 945 vento
255 880 353 946 borea
377 880 472 946 domo
495 880 659 966 profectus
683 902 721 946 eo
744 882 954 968 pervenisset,
982 904 1051 949 sese
1074 883 1250 949 dedituros:
1279 907 1312 948 se

97 972 241 1041 sautem
274 968 406 1035 domum
434 968 625 1035 Chersonesi
655 968 782 1035 hebere.
833 968 942 1054 Cares,
974 971 1031 1056 qui
1057 976 1128 1037 tum
1154 972 1312 1038 Lemnum

134 1057 330 1142 incolebant,
358 1058 418 1123 etsi
445 1062 573 1143 praeter
601 1057 786 1144 opinionem
818 1081 874 1151 res¹
900 1059 1070 1146 ceciderat,
1097 1065 1219 1145 tamen,
1246 1083 1312 1126 non

134 1145 221 1212 dioto
252 1146 309 1212 sed
335 1146 474 1212 secunda
500 1147 631 1212 fortuna
656 1146 913 1213 adversariorum
941 1149 1041 1233 eapti,
1067 1149 1215 1216 resistere
1243 1151 1312 1215 ausi

132 1255 199 1299 non
222 1238 298 1300 sunt
320 1238 417 1320 atque
439 1257 480 1301 ex
502 1235 607 1301 insula
634 1235 862 1323 demigrarunt.
907 1235 983 1301 Pari
1009 1237 1164 1303 felicitate
1192 1235 1313 1304 ceteras

134 1321 379 1477 instuhpppequoe
403 1322 557 1408 Oyoltdes
583 1324 805 1410 nominantur,
832 1325 892 1390 sub
915 1324 1163 1391 Atheniensium
1191 1327 1315 1419 redegit

134 1432 227 1497 pots
294 1434 336 1477 m.
565 1463 566 1466 ,

79 1481 159 1576 ,Ἅι
223 1503 253 1567 3.
283 1499 415 1566 Eisdem
442 1501 643 1587 temporibus
670 1500 840 1566 Persarum
872 1523 929 1566 rex
956 1501 1075 1568 Darius
1107 1525 1150 1568 ex,
1173 1503 1252 1568 Asia
1279 1504 1314 1567 in

133 1587 301 1675 Europam
337 1590 480 1655 exercitu
517 1589 651 1655 traiecto
684 1588 813 1674 Soytbis
849 1590 971 1655 bellum
1007 1591 1126 1657 inferre
1164 1593 1313 1666 decrevit.

133 1675 270 1743 Pontem
292 1677 370 1743 feeit
397 1680 432 1743 in
455 1677 568 1744 Histro
596 1679 744 1762 flumine,
771 1701 835 1762 qua
861 1679 970 1764 copias
998 1680 1187 1745 traduceret.
1233 1680 1313 1745 Eius

133 1767 256 1852 pontis,
288 1766 380 1832 dnm
397 1767 466 1870 ipse
498 1767 638 1852 abesset,
670 1766 818 1832 eustodes
852 1768 984 1853 reliquit
1019 1769 1195 1854 prinoipes,
1233 1790 1314 1853 quos

133 1876 242 1920 secum
274 1877 314 1922 ex
340 1853 432 1921 Ioma
464 1858 496 1920 et
525 1855 661 1932 Aeolide
689 1856 837 1942 duxerat;
869 1856 986 1942 quibus
1019 1857 1155 1944 singulis
1184 1857 1314 1926 illorum

98 1944 265 2011 aurbium
286 1947 442 2029 perpetua
464 1944 595 2009 dederat
623 1945 766 2029 imperia.
813 1943 867 2009 Sio
894 1946 980 2010 enim
1008 1946 1160 2011 facillime
1187 1946 1314 2031 putavit

133 2053 167 2098 se
201 2031 322 2098 Graeco
352 2033 465 2119 lingua
497 2033 678 2118 loquentes,
710 2033 766 2116 qui
798 2031 911 2098 Asiam
943 2033 1132 2120 incolerent,
1165 2034 1224 2099 sub
1257 2056 1315 2099 sua

37 2241 40 2244 ⁴
133 2224 249 2280 bsfebl'.
278 2257 313 2267 -
342 2223 383 2278 Zu
415 2231 573 2281 cmweoutus
605 2224 697 2279 denke
751 2241 857 2365 &narn
884 2224 921 2278 da
946 2225 1041 2279 ausser
1063 2226 1184 2280 Lamnus
1208 2243 1234 2280 u.
1258 2226 1314 2279 den

133 2303 193 2352 erat
227 2295 321 2350 hinnu.
354 2326 390 2337 -
421 2297 516 2365 Neque
553 2312 583 2351 eo
614 2297 698 2352 sedas
792 2294 894 2349 cloden
916 2296 989 2350 nooh
1007 2295 1079 2350 viele
1098 2296 1201 2351 andere
1220 2296 1315 2359 inseln

135 2366 220 2422 ‘abor
252 2365 579 2437 niehtsdestoweniger'.
613 2398 647 2407 -
680 2384 698 2421 o
751 2366 782 2421 in
801 2365 908 2420 diesem
925 2367 1019 2420 Moero
1037 2366 1139 2442 liegen.
1223 2434 1225 2438 Ι

134 2439 242 2508 quibua
257 2436 516 2508 Ortsbestimmnng
531 2437 698 2491 ‘vendenen
787 2437 817 2494 8.
836 2436 984 2498 Wthrend
1002 2436 1079 2492 eines
1093 2437 1240 2508 Feldzugn
1260 2438 1315 2492 den

133 2509 206 2564 ous'.
229 2541 266 2550 —
290 2509 395 2579 Qrdbuo
420 2508 514 2563 rebus:
542 2508 575 2579 A.
599 2508 630 2563 B.
655 2513 697 2562 10.
753 2506 803 2561 der
820 2506 1008 2579 Perserkdnig
1026 2507 1129 2563 Darius
1153 2524 1244 2579 gagen
1268 2507 1315 2563 die

92 2612 102 2632 .
133 2611 168 2623 -
187 2567 264 2635 Uber
284 2597 344 2635 oum
363 2580 462 2650 quibus
479 2578 535 2650 vgl.
554 2584 586 2633 A.
606 2578 637 2634 B.
660 2584 697 2633 10.
753 2577 788 2632 So
821 2578 878 2632 hen
913 2580 1129 2634 unternommen
1165 2579 1229 2648 hat,
1272 2581 1319 2634 rtt

168 2657 195 2707 4.
229 2651 392 2707 &urorum
422 2651 570 2706 radimo
600 2649 694 2704 tiburs.
782 2648 895 2704 'tiades
950 2649 1061 2704 Cimone
1103 2649 1203 2718 Sohn,
1250 2650 1315 2704 dem

135 2718 294 2776 ‘Naehdem
315 2720 362 2775 die
375 2720 571 2775 Verhtltnisse
590 2719 630 2774 im
644 2720 693 2775 ch.
750 2651 1314 2801 Kdnigedenbfiohnugabzusotneiden:

134 2792 272 2864 geordnet
289 2793 405 2857 wuren’.
426 2823 459 2831 -
477 2792 622 2847 revertitur
642 2836 647 2846 .
665 2835 693 2846 ..
751 2790 814 2844 dem
838 2790 999 2846 urdersetzt
1018 2790 1078 2845 siah
1095 2790 1237 2860 Histiaus‚
1264 2792 1315 2845 der

96 2896 100 2902 ·
169 2865 267 2931 statut,
287 2880 345 2934 sog.
365 2862 501 2917 Praesens
519 2861 695 2930 historicum,
750 2860 921 2915 Stattholter
939 2877 994 2915 von
1012 2861 1103 2916 Milot.

154 2951 185 2989 as
212 2933 243 2988 in
269 2933 412 2989 lebhafter
434 2932 596 3004 Eruthlnng
624 2935 696 2988 statt
787 2938 810 2985 1.
836 2932 950 2987 Eisdem
973 2934 1150 3002 tempestiuus,
1173 2949 1216 2986 wo
1240 2933 1313 2987 Milt.

134 3003 183 3059 des
219 3004 292 3060 Perf.
334 3005 419 3060 steht.
474 3003 582 3075 Folgen
617 3003 695 3058 kann
749 3001 789 3056 im
817 3002 970 3057 chersones
997 3020 1063 3058 war.
1093 3036 1126 3044 -
1155 3004 1265 3058 Darius
1292 3005 1312 3059 Ι.

134 3075 239 3130 darauf
263 3075 303 3129 im
325 3074 486 3130 Nebensatz
515 3074 622 3129 sowohl
649 3073 695 3128 ein
749 3073 909 3143 Hystaspis,
924 3072 950 3127 d.
961 3074 987 3127 h.
1000 3073 1076 3129 Sohn
1090 3075 1140 3128 des
1149 3075 1314 3144 Hystaspes,

133 3146 242 3219 Haupt-
271 3146 313 3202 ols
342 3145 388 3200 ein
415 3145 636 3217 Nebentompus..
661 3177 695 3186 —
750 3149 901 3199 orl-485.
921 3175 955 3184 —
974 3161 1009 3200 ex
1026 3145 1098 3200 Asia
1119 3147 1151 3199 in
1169 3146 1315 3215 Ewropam

133 3235 167 3274 ex
176 3225 259 3288 puoto
274 3217 367 3286 ‘naoh,
381 3216 490 3288 gemitis
506 3260 511 3271 .
525 3261 529 3271 .
543 3218 570 3271 .'.
585 3249 621 3258 -
634 3234 696 3272 cnm
750 3217 870 3270 euerritur
902 3215 1014 3271 baterio
1047 3215 1210 3270 aufzuldsen
1240 3217 1314 3270 nach

135 3290 250 3343 ‘wann’.
274 3321 307 3330 —
335 3288 376 3342 Zn
403 3305 457 3343 sese
485 3289 626 3344 dedituros
654 3303 696 3341 er·
750 3287 782 3340 A.
802 3284 898 3341 Β,18’1
922 3304 949 3341 u.
973 3285 1027 3340 mit
1049 3288 1152 3354 inferre
1176 3305 1210 3341 zu
1232 3287 1314 3341 koor-

133 3364 222 3431 gAnze
242 3359 292 3414 dos
312 3358 389 3429 Subj.
408 3359 483 3414 nach
501 3359 533 3413 A.
553 3359 584 3413 Β.
606 3359 637 3414 1¹.
660 3391 696 3398 -
751 3355 885 3410 dinieren.
901 3389 937 3397 -
952 3359 1066 3426 damino
1084 3358 1176 3417 bleibt
1194 3359 1315 3412 uniibor-

133 3447 160 3487 er
177 3432 288 3487 domena
302 3430 460 3486 Odorem
473 3430 579 3498 babere,
597 3427 696 3483 Worte
727 3463 729 3467 -
751 3430 830 3483 setzt.
851 3460 885 3468 -
904 3446 968 3497 quo,
987 3428 1099 3483 Adverb
1119 3428 1243 3499 (eigentl.
1259 3447 1316 3498 qno

134 3501 183 3556 des
206 3501 364 3568 Miltiades,
393 3517 448 3555 von
470 3500 605 3555 welchem
627 3500 695 3554 Ver·
749 3501 796 3554 oio
814 3499 882 3553 oder
896 3500 998 3579 parte),
1020 3500 1095 3567 ‘wo’‚
1114 3499 1176 3554 hier
1191 3501 1250 3553 ‘um
1265 3501 1315 3556 da-

132 3573 202 3628 bum
234 3573 291 3628 abh
351 3571 357 3582 '
384 3579 397 3627 t
428 3571 483 3642 vgl.
516 3572 548 3625 A.
582 3571 613 3625 B.
648 3576 694 3639 1⁷3
749 3569 864 3625 selbst’:
885 3586 932 3623 ern
946 3569 1045 3624 finaler
1059 3570 1243 3639 Relativsatz‚
1260 3570 1313 3641 vgl.

134 3643 237 3703 ebenso
255 3661 290 3697 zu
376 3644 467 3699 sorresi
483 3642 517 3698 A.
536 3643 567 3697 Β.
588 3642 626 3696 1⁶.
749 3641 781 3695 A.
802 3641 833 3695 B.
855 3647 895 3695 11.
916 3673 950 3681 -
969 3641 1036 3696 dum
1054 3643 1065 3695 ι’
1084 3658 1111 3697 se
1130 3643 1240 3710 abesset,
1262 3642 1315 3696 Ge-

169 3721 193 3770 t.
209 3722 319 3785 procur
337 3715 492 3784 optationem
512 3714 615 3785 ‘gegen
630 3758 635 3767 .
648 3757 653 3767 .
666 3715 694 3781 .’‚
749 3711 843 3766 donke
853 3711 902 3765 des
912 3712 1051 3782 Abergeor
1092 3712 1314 3782 etenSubjekte3

132 3787 265 3843 oedderat
279 3784 466 3857 ‘ausgefollen
479 3785 559 3840 war’.
569 3817 604 3825 -
613 3785 694 3853 dioto,
749 3781 866 3836 deshalb
878 3781 927 3836 der
936 3781 1137 3838 Coniunctivus
1147 3783 1308 3855 (obliquus).

132 3856 218 3915 utml.
233 3856 461 3913 maurienna.
477 3887 511 3896 -
526 3873 544 3910 a
620 3856 694 3910 ‘son-
747 3885 783 3893 -
801 3855 900 3923 quibus
918 3855 1008 3923 (AB.
1029 3856 1072 3918 10)
1091 3856 1216 3924 diopolis,
1236 3854 1309 3910 adso:

106 3929 110 3940 '
133 3928 228 3983 dern’:
261 3927 307 3982 die
338 3925 524 3999 kopnlativen
545 3863 694 3996 [ddirjunk-
750 3924 852 3994 ‘jedem
875 3941 930 3978 von
948 3923 1046 3979 diesen
1065 3967 1070 3979 .
1087 3967 1093 3979 .
1111 3969 1116 3980 .
1136 3925 1206 3980 tiber
1224 3923 1307 3993 eine'3

132 3997 230 4054 tionen
248 4001 285 4069 et,
304 4014 367 4068 que,
386 4000 472 4067 atque
490 4003 603 4052 mdssen
619 3997 694 4052 neoh
748 3994 920 4065 eigentlioh?
939 4027 974 4036 -
992 3994 1103 4066 Wegen
1126 3996 1175 4050 des
1198 3995 1308 4051 Plnrols

134 4068 211 4125 einer
227 4067 371 4140 Negation
393 4068 433 4122 im
450 4069 484 4122 D.
504 4067 584 4124 nieht
602 4066 694 4122 selten
743 4074 878 4136 perpetua
898 4068 1015 4135 imperia
1034 4085 1054 4121 s.
1075 4068 1107 4120 A.
1127 4067 1156 4122 B.
1178 4072 1202 4122 9.
1239 4067 1309 4122 Wus

134 4140 223 4197 duroh
237 4139 300 4196 eine
314 4138 489 4195 adversative
498 4136 694 4210 Konjunktion
746 4136 800 4191 mit
830 4143 988 4206 perpetuum
1017 4139 1080 4206 imp.
1110 4137 1235 4208 gemeint
1261 4139 1308 4207 ist,

132 4210 365 4283 wiedergegeben
392 4210 512 4266 werden.
536 4242 570 4282 ·.·
594 4217 694 4266 ceterae
747 4207 858 4278 ergiobt
877 4207 937 4261 sich
956 4225 1006 4261 ans
1025 4208 1095 4278 Kap.
1116 4213 1132 4262 8
1151 4215 1204 4275 §3-

133 4283 253 4351 maha,
289 4280 414 4338 ntmlioh
450 4281 499 4337 des
531 4269 695 4352 Agdisohen
783 4285 807 4334 2.
833 4279 942 4334 Graeco
964 4280 1063 4350 linqua
1085 4281 1233 4349 loquentes,
1261 4281 1310 4348 qni

132 4353 247 4413 Moesos.
296 4353 354 4413 Der
384 4351 534 4409 Ausdruok
570 4351 609 4406 iet
643 4369 693 4406 un·
747 4349 846 4405 Arium
881 4350 1029 4406 incolerent
1066 4349 1124 4404 ‘die
1155 4351 1311 4406 Bewohner
