2850 4740
175 204 218 269 36
543 206 586 259 ιι.
618 203 810 286 arsinoas
857 204 966 260 aar.1

174 367 356 450 devocaret3
384 367 471 450 quod
497 368 600 432 facere
626 368 716 430 nullo
740 367 790 430 die
818 367 1102 450 praetermittebat.
1149 365 1239 430 Nulli
1269 367 1347 430 fides

174 455 256 539 eius,
288 455 369 519 nulli
402 477 511 539 opera,
543 455 624 518 nulli
663 477 713 519 res
749 454 917 519 familiaris
955 455 1070 535 defuit,
1107 454 1226 518 multos
1262 455 1347 518 locu-

175 544 321 628 pletavit:
354 543 534 628 complures
565 565 720 628 pauperes
753 547 913 615 mortuos
944 542 1012 627 qui,
1039 545 1122 606 unde
1150 544 1348 625 efferrentur,

139 651 238 697 lnon
267 629 484 716 reliquissent,
513 654 571 696 suo
595 636 725 716 sumptu
749 632 873 695 extulit.
920 629 974 695 Sic
996 652 1029 697 se
1053 631 1192 716 gerendo
1216 632 1347 695 minime

175 726 224 784 est
246 721 437 805 mirandum,
462 721 489 784 si
513 725 546 784 et
567 719 636 784 vita
658 720 726 784 eius
752 720 813 783 hir
836 741 947 786 secura
970 725 1003 784 et
1025 741 1112 784 mors
1134 717 1257 784 acerba.

652 1000 878 1014 -.ι-*ον

728 1236 792 1308 VI.

267 1392 291 1452 l.
317 1390 511 1473 Lysander
534 1389 803 1455 Lacedaemonius
827 1411 977 1476 magnam
1001 1389 1132 1473 reliquit
1151 1388 1200 1453 sui
1218 1390 1348 1471 famam,

174 1478 279 1563 magis
303 1478 457 1542 felicitate
480 1500 577 1561 quam
600 1478 720 1542 virtute
743 1484 877 1562 partam.
919 1476 1128 1542 Atheniensis
1151 1477 1236 1542 enim
1257 1480 1347 1541 sexto

175 1571 207 1631 et
236 1565 387 1631 vicesimo
415 1588 499 1631 anno
526 1567 648 1631 bellum
676 1571 823 1651 gerentes
852 1565 1026 1630 confecisse
1053 1569 1200 1651 apparet,
1228 1566 1260 1629 id
1284 1587 1348 1648 qua

140 1675 155 1720 ι
176 1655 300 1719 ratione
328 1659 517 1719 consecutus
542 1655 597 1734 sit,
626 1655 712 1719 latet.
758 1655 831 1720 Non
856 1657 941 1719 enim
965 1654 1084 1718 virtute
1108 1654 1156 1718 sui
1181 1653 1348 1738 exercitae,

177 1743 232 1807 sed
269 1743 471 1807 immodestia
495 1744 614 1808 factum
652 1749 701 1808 est
732 1743 1001 1827 adversariorum,
1038 1742 1106 1826 qui,
1143 1743 1229 1825 quod
1260 1741 1347 1806 dicto

176 1832 341 1896 audientes
378 1831 626 1915 imperatoribus
664 1831 729 1896 suis
766 1854 830 1896 non
868 1835 971 1914 erant,
1007 1830 1158 1915 dispalati
1195 1829 1229 1894 in
1260 1831 1348 1915 agris

86 2000 89 2004 ι
177 1918 298 1984 rehctis
329 1920 466 1984 navibus
498 1920 530 1983 in
559 1920 700 1984 hostium
729 1925 884 1984 venerunt
911 1923 1112 2004 potestatem.
1163 1917 1233 1994 Quo
1261 1920 1347 1984 facto

140 2004 389 2074 3Athenienses
422 2030 455 2072 se
482 2008 742 2073 Lacedaemoniis
769 2009 971 2073 dediderunt.
1022 2007 1092 2071 Hac
1125 2007 1259 2071 victoria
1287 2007 1348 2091 Ly-

177 2096 291 2161 sander
323 2096 442 2181 elatus,
475 2119 546 2160 cum
575 2101 669 2162 antea
698 2119 821 2182 semper
848 2097 1003 2162 factiosus
1031 2096 1198 2178 audaxque
1225 2095 1349 2180 fuisset,

177 2185 224 2248 sic
252 2185 313 2248 sibi
341 2184 489 2269 indulsit,
518 2189 554 2248 ut
582 2187 650 2249 eius
678 2208 775 2270 opera
803 2186 835 2249 in
863 2185 1040 2249 maximum
1064 2184 1173 2247 odium
1197 2182 1349 2248 Graeciae

141 2271 419 2338 4Lacedaemonii
451 2274 661 2357 pervenerint.
713 2273 797 2338 Nam
828 2295 900 2337 oum
928 2273 1011 2338 hanc
1039 2294 1167 2336 causam
1196 2272 1348 2337 Lacedae-

160 2516 278 2570 ·haben.
290 2517 481 2584 —dcooccr·et,
495 2516 619 2570 n‘amlich
632 2516 737 2571 defero
792 2516 1005 2586 Aigospotamoi
1019 2523 1079 2571 405.
1099 2548 1134 2558 -
1151 2523 1225 2570 sexto
1243 2523 1269 2571 ct
1281 2518 1349 2572 vicc-

178 2586 215 2640 ad
234 2602 340 2641 cenam.
360 2618 394 2627 -
412 2589 480 2654 fider
495 2587 628 2641 ‘Schutz’.
643 2618 678 2628 -
692 2589 737 2641 de·
791 2589 859 2642 simo
877 2605 959 2656 aeno,
978 2603 1102 2657 genauer
1119 2587 1158 2640 im
1171 2593 1213 2640 2⁷.
1234 2618 1268 2627 -
1286 2603 1348 2642 con·

177 2658 234 2726 fuit
266 2656 354 2710 ‘blieb
388 2659 520 2728 versagt’.
554 2690 588 2697 -
620 2665 738 2713 oronnae
775 2663 869 2723 'licere
887 2657 1071 2729 ‘vollst‘andig
1083 2657 1238 2728 besiegen’.
1274 2646 1351 2713 Uber

178 2726 269 2781 libers.
297 2728 370 2781 uach
400 2728 432 2781 A.
460 2729 491 2782 B.
522 2734 575 2782 180.
604 2760 637 2768 —
665 2730 738 2782 route
792 2728 843 2782 das
870 2728 1000 2783 lahlende
1028 2728 1147 2810 Subjelrt
1177 2731 1262 2798 (eum)
1294 2729 1348 2798 vgl.

178 2798 338 2864 efferrentur
354 2797 458 2852 ‘Mittel
472 2817 520 2851 zur
533 2799 671 2869 Deekung
689 2800 738 2853 der
791 2799 823 2852 A.
844 2799 874 2852 B.
896 2798 927 2853 ls.
947 2831 982 2840 -
1002 2800 1066 2854 latet
1083 2801 1122 2852 rat
1144 2798 1224 2853 starlr
1245 2816 1279 2851 zu
1301 2799 1350 2852 be-

178 2868 461 2937 Begrbbniskosten’;
485 2868 617 2938 eigentl.?
639 2902 674 2910 -
693 2887 738 2925 crr-
792 2876 878 2922 tonen
896 2869 953 2923 und
967 2869 1058 2924 bildet
1076 2870 1130 2923 den
1144 2868 1301 2939 Gegensrdz
1316 2888 1350 2923 zu

179 2941 243 2994 tulit
272 2938 359 2992 ‘liels
383 2940 546 3009 begraben’.
594 2940 648 2993 Der
675 2941 736 2994 Lat.
791 2947 913 3008 apparet.

180 3009 258 3063 stellt
290 3009 438 3079 cuweilen,
470 3027 527 3064 was
559 3010 636 3064 einer
667 3011 738 3065 thun
828 3017 851 3062 2.
871 3012 917 3064 sai
940 3011 1016 3063 steht
1038 3011 1078 3063 im
1094 3010 1350 3064 nachdn‘ickliohen

179 3079 272 3146 laist,
287 3097 318 3134 so
333 3080 392 3149 dar,
407 3080 449 3135 als
464 3081 500 3135 ob
511 3080 601 3135 dieser
611 3097 640 3135 es
651 3082 739 3136 selbst
792 3080 833 3134 Ge
854 3084 949 3134 ansata
964 3098 997 3134 au
1007 3082 1238 3146 adversariorum
1253 3081 1351 3135 darum

179 3150 267 3204 th'ate.
554 3173 557 3178 ·
792 3099 1189 3231 mehtillius.—irpmodcstia
1198 3152 1352 3275 Ἢιιιοιιιιε)

216 3227 239 3274 4.
259 3220 306 3276 Sic
323 3223 479 3293 saporando
500 3221 561 3276 ‘Bei
576 3221 666 3276 einern
686 3223 739 3276 sol·
794 3221 1076 3292 ‘Unbotmassigkert
1110 3221 1204 3277 schlec
1224 3224 1253 3276 te
1284 3223 1353 3277 Hal-

180 3290 435 3346 ehenVcrhalten'.
468 3293 535 3346 Man
552 3296 682 3347 erwartet
696 3293 740 3348 Oi·
793 3293 884 3362 tung’.
921 3280 997 3346 liber
1016 3292 1070 3346 den
1093 3307 1202 3362 ganzen
1219 3293 1354 3416 Herganp

179 3379 245 3417 mon
265 3362 306 3417 als
322 3362 407 3432 Subj,
428 3382 448 3415 z.
464 3364 494 3416 B.
514 3365 660 3435 sicscper.
676 3364 740 3418 effe·
796 3363 849 3432 vgl.
872 3362 925 3416 VII
952 3370 981 3430 8,
1006 3369 1066 3417 bu.
1085 3369 1110 3418 6.
1134 3394 1170 3403 -
1190 3364 1263 3419 dicto
1283 3363 1352 3434 (ab.

180 3431 228 3500 eit,
247 3435 321 3488 utet
340 3436 396 3488 ratu
415 3452 491 3502 usw,
510 3433 556 3488 die
572 3435 683 3489 Konstr.
703 3435 740 3489 ist
794 3437 906 3500 causae)
934 3435 1075 3489 crudentes
1101 3432 1174 3487 ‘auls
1202 3433 1281 3488 Wort
1305 3451 1354 3504 ge·

181 3503 249 3556 aber
271 3505 415 3571 geunnen
435 3537 469 3545 -
489 3506 594 3573 acerba,
617 3507 740 3560 n'amlich
793 3504 925 3558 horsam’.

181 3572 296 3627 civibus.
831 3581 854 3628 3.
875 3583 956 3630 arima
971 3576 1069 3628 ‘sehon
1082 3575 1200 3628 vorher'.
1221 3607 1254 3615 -
1273 3577 1353 3641 sucti-

407 3651 513 3658 ”’“”“
794 3663 864 3711 osus,
884 3645 933 3698 der
951 3645 1067 3716 geneigt
1088 3645 1139 3714 ist,
1164 3646 1352 3716 Parteiungen

218 3715 247 3769 1.
266 3715 418 3784 Lysander,
438 3714 487 3769 der
503 3716 650 3770 ben'ihmte
664 3733 741 3786 epar·
795 3735 828 3770 au
852 3716 950 3771 stiften
972 3717 1030 3769 und
1053 3715 1130 3769 diere
1153 3716 1230 3770 daun
1248 3735 1282 3770 zu
1301 3717 1354 3771 sei-

182 3785 311 3840 tanisehe
322 3785 464 3854 Feldherr,
479 3786 544 3840 dem
558 3786 603 3841 die
617 3788 742 3842 Athener
794 3803 859 3840 nem
875 3786 999 3841 Vorteile
1018 3804 1052 3839 zu
1070 3787 1223 3856 benutzen,
1244 3789 1356 3842 ‘ranke-

181 3855 543 3981 habeantet
559 3858 742 3983 terren
796 3856 996 3982 {illidet
1009 3859 1123 3982 ”till
1143 3859 1261 3984 ldtil
1280 3859 1356 3984 erog

183 3997 259 4052 seina
273 3998 477 4052 Herrschsucht
490 3999 537 4052 bei
554 4000 608 4053 den
623 4000 741 4070 librigen
798 3999 896 4052 ‘durch
928 3998 989 4052 sein
1013 3947 1153 4066 hurhun’,
1185 3998 1253 4053 oder
1273 3946 1355 4053 otilbrls

183 4067 321 4122 Griechen
339 4068 492 4122 unbeliebt.
799 4071 897 4123 ‘durch
911 4069 986 4136 ihn',
1000 4070 1062 4123 hier
1076 4069 1148 4122 auch
1163 4069 1262 4123 ‘durch
1277 4071 1355 4124 scine
1392 4117 1395 4124 .

220 4145 243 4192 1.
263 4141 361 4194 rrirtute
381 4138 594 4210 ‘Trichtigkeit’.
615 4173 648 4182 -
668 4130 743 4194 llber
796 4140 921 4194 Schuld’.

182 4209 356 4264 Atheniensis
371 4210 424 4280 vgl.
441 4212 471 4263 A.
485 4211 515 4264 B.
528 4209 566 4264 lb.
583 4244 617 4251 -
632 4213 740 4267 bellum:
832 4218 856 4265 4.
884 4228 946 4267 cum
972 4210 1034 4264 hier
1063 4211 1120 4264 und
1151 4227 1196 4263 am
1226 4211 1370 4270 Schlusse¹

184 4280 234 4332 der
258 4281 435 4349 peloponncs.
464 4281 551 4352 Krieg
577 4283 655 4336 ward
683 4286 743 4337 ent·
797 4282 846 4335 des
874 4288 889 4347 5
916 4281 1071 4335 ‘obschon’.
1102 4313 1134 4320 -
1162 4282 1234 4336 harre
1259 4281 1297 4335 im
1323 4282 1355 4336 l).

183 4350 314 4404 schieden
343 4352 431 4405 durch
459 4351 504 4406 die
533 4353 667 4408 Schlacht
695 4353 743 4408 bei
798 4353 935 4407 Neutrum
962 4352 1059 4421 ‘dies’3
1087 4368 1198 4407 causam
1225 4352 1355 4406 ‘Zweclr'.
