2850 4740
151 181 192 245 '16
493 181 565 236 XIV.
593 181 774 236 DATAMDS.
811 181 889 237 CAP.
907 189 933 236 4.
953 188 978 236 ὃ.

150 347 209 428 rat,
228 344 324 407 venit.
361 341 503 429 Quaerit,
521 344 639 428 quibus
657 343 737 408 locis
756 343 800 408 sit
813 341 921 428 Aspis,
939 342 1105 429 cognoscit
1123 342 1209 407 haud
1226 341 1323 428 longa

150 432 261 496 abesse
283 431 526 516 profectumque
550 455 621 496 eum
647 436 804 496 venatum.
846 430 934 508 Quae
957 431 1033 496 dum
1056 430 1248 517 speculatur,
1271 432 1323 495 ad-

150 524 265 584 ventus
293 520 362 584 eius
389 542 486 584 causa
513 520 727 604 cognoscitur.
771 519 898 585 Pisidas
926 542 999 584 oum
1025 520 1084 605 eis,
1111 542 1197 605 quos
1216 541 1324 584 secum

115 607 304 694 shabebat,
336 608 377 672 od
408 608 621 672 resistendum
653 607 751 693 Aspis
783 613 956 693 comparat
1013 606 1052 672 ld
1082 606 1235 672 Datames
1267 607 1321 672 ubi

151 696 287 782 audivit,
311 719 400 761 arma
423 697 535 782 sumit,
558 719 634 762 suos
657 697 748 781 sequi
771 696 875 782 iubet,
902 697 971 782 ipse
994 718 1076 781 equo
1100 696 1260 761 concitato
1283 695 1325 760 ad

68 821 70 826 ·
151 784 276 850 hostem
296 783 432 870 vehitur.
470 784 571 861 Quem
589 784 702 869 procul
715 783 815 870 Aspis
833 785 1032 869 conspiciens
1051 784 1092 848 ad
1110 806 1144 848 se
1160 784 1324 869 ferentem,

151 873 350 958 pertimescit
381 877 478 958 atque
508 894 527 937 a
554 878 672 938 conatu
700 873 869 938 resistendi
897 873 1081 937 deterritus⁴
1097 893 1165 936 sese
1193 871 1324 938 dedidit.

150 961 246 1026 Hunc
268 960 422 1026 Datames
445 961 590 1026 vinctum
613 961 653 1026 ad
676 983 710 1026 re
734 983 785 1026 em
808 961 987 1027 ducendum
1010 960 1110 1025 tradit
1132 959 1323 1025 Mithridati.

240 1049 269 1114 5.
298 1048 387 1114 Haeo
410 1050 487 1115 dum
509 1055 679 1136 geruntur,
808 1071 899 1115 arxes
923 1049 1138 1134 reminiscens,
1161 1072 1181 1113 a
1203 1054 1324 1135 quanto

151 1136 237 1202 bello
261 1138 302 1202 od
325 1161 422 1222 quam
444 1161 577 1223 parvam
600 1161 668 1203 rem
692 1139 871 1224 principem
895 1138 1011 1203 ducum
1028 1138 1180 1223 misisset,
1203 1159 1237 1202 sa
1255 1137 1324 1222 ipse

151 1226 357 1311 reprehendit
383 1231 416 1292 et
436 1227 592 1291 nuntium
620 1226 660 1292 ad
688 1227 865 1293 exereitum
887 1226 976 1291 Acen
1003 1227 1106 1311 misit,
1133 1226 1221 1310 quod
1246 1248 1324 1291 non-

151 1314 227 1378 dum
250 1313 409 1380 Datamen
437 1316 619 1400 profectum
641 1315 791 1401 putabat,
818 1315 874 1399 qui
898 1315 1029 1396 diceret,
1056 1337 1096 1379 na
1119 1316 1160 1379 ab
1183 1315 1325 1379 exercitu

152 1403 336 1468 discederet.
381 1403 444 1469 Hic
470 1404 660 1489 priusquam
686 1404 881 1490 perveniret,
908 1425 972 1487 quo
996 1410 1065 1468 erat
1086 1403 1263 1488 profectus,
1291 1403 1323 1466 in

116 1491 266 1556 ritinere
298 1492 461 1577 convenit,
493 1493 550 1577 ¹qui
582 1491 698 1578 Aspim
730 1492 897 1557 ducebant.
956 1490 1026 1568 Qua
1057 1491 1220 1556 celeritate
1251 1513 1325 1555 oum

150 1601 302 1665 magnam
333 1581 589 1646 benevolentiam
619 1581 705 1667 ragis
731 1579 885 1645 Datames
913 1584 1102 1645 consecutus
1130 1584 1227 1664 esset,
1259 1601 1322 1644 non

151 1668 309 1733 minorem
331 1668 485 1734 invidiam
509 1669 687 1734 aulicorum
709 1669 848 1754 excepit,
874 1668 961 1753 quod
983 1667 1076 1733 illum
1098 1691 1198 1733 unum
1220 1667 1325 1753 pluris

152 1778 249 1840 quam
285 1778 319 1821 se
356 1779 467 1822 omnes
498 1756 569 1822 fieri
600 1757 762 1822 videbant
820 1755 890 1833 Quo
923 1757 1009 1821 facto
1041 1757 1148 1822 cuncti
1179 1757 1219 1820 ad
1251 1777 1325 1820 eum

116 1845 398 1929 oopprimendum
434 1850 671 1912 consenserunt.
731 1844 820 1910 Haeo
850 1845 1046 1930 Pandantes,
1082 1867 1179 1930 gazae
1215 1847 1325 1910 eustos

152 1934 272 2019 regiae,
299 1933 421 1999 amicus
448 1934 593 2020 Datami,
619 1935 799 2022 perscripta
824 1933 855 1998 ei
881 1933 998 2019 mittit,
1026 1933 1059 1998 in
1087 1933 1205 2018 quibus
1233 1932 1327 1998 dooet

151 2044 226 2086 eum
248 2022 281 2086 in
304 2044 422 2108 magno
445 2023 515 2088 fore
537 2023 690 2109 periculo,
712 2022 741 2087 si
764 2021 842 2108 quid
864 2021 923 2086 illo
946 2023 1123 2106 imperante
1147 2021 1272 2086 adversi
1291 2021 1323 2085 in

115 2107 301 2196 edegypto
327 2110 504 2176 accidisset.
549 2111 698 2195 Namque
720 2132 791 2175 eam
814 2132 883 2176 esse
906 2110 1170 2175 consuetudinem
1193 2110 1325 2196 regiam,

151 2204 189 2263 ut
211 2220 304 2264 casus
326 2200 478 2265 adversos
501 2199 687 2264 hominibus
710 2199 864 2283 tribuant,
887 2199 1043 2264 secundos
1066 2199 1215 2263 fortunae
1236 2219 1326 2282 suae;

152 2310 216 2371 quo
243 2287 327 2374 fieri,
354 2292 392 2352 ut
418 2288 513 2353 facile
540 2288 749 2373 impellantur
776 2287 817 2351 ad
840 2307 951 2352 eorum
973 2286 1160 2372 perniciem,
1188 2309 1325 2372 quorum

152 2375 250 2439 ductu
277 2398 328 2441 res
354 2376 447 2442 male
466 2380 575 2462 gestae
602 2376 801 2441 nuntientur.
845 2373 943 2440 Illum
971 2375 1033 2440 hoc
1055 2375 1181 2442 maiore.
1199 2375 1268 2440 fore
1291 2375 1326 2438 in

152 2464 349 2550 discrimine,
385 2464 485 2550 quod,
517 2466 635 2549 quibus
667 2486 724 2533 rex
755 2463 894 2529 maxime
926 2464 1090 2549 oboediat,
1121 2484 1176 2529 eos
1208 2462 1327 2528 habeat

116 2552 400 2618 sinimicissimos.
444 2552 577 2619 Talibus
600 2552 656 2618 ille
677 2552 797 2618 litteris
820 2552 969 2639 cognitis,
992 2574 1065 2616 cum
1087 2553 1152 2616 iam
1175 2552 1217 2616 ad
1239 2572 1326 2616 exer-

153 2641 253 2705 eitum
276 2640 364 2706 Acen
387 2641 540 2727 venisset,
568 2641 655 2727 quod
677 2664 742 2707 non
765 2640 937 2727 ignorabat
959 2662 997 2705 ea
1019 2661 1092 2704 vere
1115 2641 1249 2725 scripta,
1274 2640 1325 2703 de

97 2752 99 2756 ’
152 2729 287 2795 sciscere
310 2752 330 2794 a
351 2752 427 2816 rege
449 2730 627 2796 constituit.
668 2728 782 2814 Neque
805 2732 913 2793 tamen
936 2729 1108 2814 quicquam
1130 2728 1217 2812 fecit,
1239 2726 1338 2813 quod'

153 2992 202 3045 der
237 2991 376 3062 Singulas.
413 3024 447 3032 —
484 3009 537 3061 qao
571 2991 714 3047 meduaci
803 2998 827 3044 8.
847 2991 925 3045 Hace
940 2992 1094 3060 perscripta
1107 2990 1327 3058 arimanniam

153 3063 201 3116 ‘an
233 3062 294 3116 sein
325 3061 410 3131 Ziel';
443 3061 577 3133 cigenti?
610 3093 644 3102 -
672 3079 713 3117 oe-
767 3061 828 3116 dies
856 3060 1100 3131 aufgesohrieben,
1128 3061 1154 3116 d.
1178 3061 1206 3116 h.
1233 3061 1327 3115 ‘einen

151 3140 248 3188 ouium
267 3131 362 3204 Supin.
767 3130 882 3186 Berioht
899 3130 1050 3187 hierfiber’.
1071 3164 1105 3172 —
1124 3119 1200 3186 Uber
1217 3133 1242 3187 si
1260 3133 1327 3202 quid

188 3209 213 3258 5.
236 3205 323 3273 iubet,
345 3220 444 3274 wagan
467 3203 516 3258 des
535 3203 714 3273 Asyndetons
768 3202 823 3273 vgl.
841 3202 874 3257 A.
889 3202 920 3256 B.
936 3208 961 3257 5.

153 3274 209 3345 vgl.
232 3274 265 3329 A.
280 3274 312 3328 B.
332 3274 364 3332 1¹.
384 3306 419 3315 —
437 3275 476 3329 ad
499 3273 562 3328 ‘auf
579 3317 584 3329 .
601 3317 607 3328 .
624 3318 629 3329 .
648 3273 712 3329 los'.
802 3279 827 3327 4.
846 3276 963 3344 scotera,
986 3273 1072 3327 soviel
1096 3272 1149 3326 wie
1167 3288 1272 3343 regum.
1292 3305 1326 3314 -

154 3375 189 3387 —
207 3345 265 3398 Das
281 3345 356 3400 Part.
374 3347 465 3412 ferens
482 3345 584 3444 pahdrt
600 3343 662 3398 hier
680 3362 714 3398 nu
768 3344 808 3398 Zu
830 3345 961 3400 smerdes
982 3343 1037 3415 vgl.
1061 3344 1093 3398 A.
1109 3344 1140 3397 B.
1162 3341 1194 3396 11.
1217 3375 1254 3384 -
1275 3344 1326 3397 Be-

156 3416 220 3471 dem
237 3414 378 3471 intremit.
396 3417 465 3484 ferri
496 3417 627 3470 atdrran'.
768 3417 833 3469 tone
850 3431 925 3470 suec.
941 3445 974 3455 -
993 3431 1046 3485 qno
1060 3441 1093 3461 =
1109 3417 1194 3482 atque
1209 3430 1242 3469 eo
1256 3414 1294 3485 (d.
1309 3414 1327 3468 i.

191 3487 221 3542 5.
252 3485 298 3541 Da
328 3485 389 3541 sich
420 3487 485 3543 Dat.
518 3487 606 3540 durch
637 3486 714 3541 seina
768 3501 803 3540 ea
827 3487 876 3556 re).
900 3516 934 3525 —
957 3485 1007 3540 hoe
1025 3512 1058 3532 =
1078 3501 1110 3539 eo
1136 3485 1195 3540 ‘um
1217 3485 1269 3539 so’.
1293 3516 1327 3526 -

155 3557 274 3611 raschen
289 3555 404 3628 Erfolga
422 3558 479 3612 den
491 3555 565 3611 Neid
584 3557 714 3612 derHof-
768 3573 883 3626 quornm
918 3557 1003 3611 doeio
1039 3555 1140 3626 gehort
1175 3574 1209 3609 zu
1240 3563 1329 3627 pastae

155 3626 247 3698 pon-tei
275 3626 408 3696 nuaiaht,
425 3626 591 3683 beschliesst
614 3645 644 3683 er
667 3628 718 3682 aul
770 3627 851 3681 ‘iiber
868 3627 973 3681 welche
990 3627 1132 3701 gemeldet
1146 3626 1246 3694 werde,
1266 3626 1328 3679 dala

157 3697 213 3752 die.
227 3697 374 3770 Warnung
396 3697 472 3754 eines
490 3699 633 3754 Fraundes
655 3698 715 3768 hin,
769 3697 1328 3768 unterihrerFtihrung...'.-obocdiot‚

157 3769 261 3823 andere
280 3765 369 3840 Wege
388 3768 612 3840 einznrchlagen.
768 3767 831 3823 hier
850 3767 922 3822 ‘sein
939 3767 997 3822 Ohr
1014 3767 1108 3823 leihe’.
1123 3801 1159 3809 -
1172 3769 1328 3823 inimicissi-

194 3846 217 3894 1.
233 3858 251 3894 a
265 3848 368 3910 omaro
382 3841 449 3896 bello
463 3841 501 3895 ud
512 3857 716 3911 oreomporoam
770 3857 843 3907 mus,
866 3839 906 3892 im
923 3838 957 3893 D.
978 3839 1087 3893 ‘Feind’
1108 3839 1176 3893 oder
1195 3837 1327 3908 ‘Geguer'

156 3927 220 3979 rem,
236 3909 363 3965 Verbind
435 3909 535 3966 aweier
547 3911 716 3982 Fragesttae
769 3909 823 3965 mit
841 3909 932 3964 einem
951 3909 1116 3979 Superlativ.

157 3999 191 4034 zu
219 3980 322 4050 einem3
350 3982 389 4036 im
439 4027 444 4037 .
469 3985 544 4036 setze
567 3981 613 4051 ihr
634 3999 717 4051 quarn
806 3987 831 4036 5.
859 3982 973 4036 Talibus
996 4007 1030 4026 ==
1052 3979 1111 4034 His.
1142 4011 1174 4021 -
1202 3979 1328 4034 Konstr.:

158 4052 579 4121 ‘so’ein.-ne.·..dioeedcret‚
594 4052 715 4123 abhitng.
773 4052 888 4107 Talibus
920 4053 1017 4106 litteris
1048 4052 1164 4122 ceperitis
1190 4052 1330 4106 emituit

157 4121 339 4178 Befehlsaatz.
367 4155 403 4165 -
429 4123 488 4178 Vor
516 4140 569 4194 quo
597 4127 716 4194 erganze
770 4123 829 4190 ille,
854 4140 915 4178 cura
1013 4123 1138 4188 nonime,
1160 4139 1179 4176 o
1206 4137 1267 4191 repe
1284 4123 1328 4176 de·

157 4209 203 4263 eo,
222 4194 326 4249 ebenso
343 4213 393 4250 vor
409 4196 458 4264 pai
476 4210 531 4250 eos.
768 4196 887 4258 sciscere,
994 4211 1051 4248 nori
1069 4193 1214 4263 ipnorabat
1227 4192 1331 4262 (hecht

193 4270 217 4318 2.
237 4264 339 4335 excepit
363 4265 427 4335 ‘zog
449 4263 507 4319 sich
527 4266 583 4319 zu’.
603 4297 636 4306 -
655 4266 716 4332 pieri
770 4263 842 4319 wohl
917 4265 984 4388 ste'p
1005 4264 1161 4318 ...u-N
1189 4269 1330 4318 mtoooen

158 4363 190 4382 =
207 4335 358 4392 aestimari.
769 4338 921 4405 quiequam.
935 4353 972 4405 vg
985 4378 990 4390 .
1005 4335 1037 4389 A.
1048 4334 1078 4390 Β.
1094 4340 1123 4402 ⁶3
1139 4349 1174 4387 ne
1195 4349 1231 4388 en
1239 4340 1330 4389 morea
