2850 4740
139 193 183 256 84
444 191 502 245 XV.
531 191 803 246 EPAMINONDAS.
841 191 917 246 CAP.
937 198 961 246 4.
982 196 1006 246 5.
1084 252 1086 257 ¹

137 355 273 441 pecunia
300 354 568 438 corrumpendum
595 357 786 438 susceperat.
836 353 900 418 Hic
926 375 1045 440 mafflo
1073 375 1146 419 cum
1169 356 1309 441 pondere

28 460 35 473 ·
138 443 207 507 auri
236 443 363 506 Thebas
396 442 484 505 venit
516 447 548 506 et
579 441 758 525 Micythum
791 441 1079 527 adulescentulum,
1112 465 1207 528 quem
1239 449 1310 509 tum

137 530 377 616 Epaminondas
408 530 584 615 plurimum
617 530 785 616 diligebat,
817 530 958 614 quinque
991 530 1122 595 talentis
1149 533 1190 595 od
1217 556 1309 597 suam

136 619 287 704 perduxit
328 618 534 683 voluntatem.
593 617 757 702 Micythus
794 617 1051 703 Epaminondam
1092 622 1242 685 convenit
1277 627 1310 686 et

102 727 265 774 acausam
298 708 453 771 adventus
482 706 707 771 Diomedontis
740 707 888 771 ostendit.
939 705 985 770 At
1016 707 1072 772 ille
1099 707 1309 774 Diomedonti

137 819 244 862 coram
268 795 393 880 ‘Nihil’,
416 796 531 879 inquit,
554 796 647 879 ‘opus
671 800 720 859 est
742 795 884 880 pecunia.
930 793 1016 860 Nam
1039 798 1067 860 si
1091 819 1147 861 rex
1170 819 1206 861 ea
1229 799 1309 884 vult,

137 907 218 969 quae
250 884 410 948 Thebanis
447 889 524 948 sunt
559 883 665 968 utilia,
703 884 805 970 gratis
837 883 939 947 facere
971 906 1043 948 sum
1075 889 1220 969 paratus3
1257 887 1309 950 sin

137 978 244 1038 autem
268 973 436 1057 contraria,
459 995 524 1037 non
547 972 645 1036 habet
667 972 737 1036 auri
761 977 857 1056 atque
880 973 1006 1057 argenti
1030 974 1117 1037 satis.
1158 973 1308 1058 Namque

98 1079 116 1126 ’3
137 1061 224 1127 orbis
247 1066 405 1126 terrarum
428 1060 557 1125 divitias
581 1061 723 1145 accipere
746 1061 821 1125 nolo
844 1082 903 1144 pro
926 1061 1051 1144 patriae
1074 1062 1215 1126 caritate.
1257 1062 1307 1126 Tu

136 1151 222 1234 qnod
249 1172 300 1213 me
327 1150 528 1234 incognitum
555 1149 688 1214 tentasti
711 1149 823 1233 tuique
846 1149 984 1213 similem
1007 1150 1214 1235 existimasti,
1241 1174 1307 1216 non

70 1299 72 1302 ,
136 1239 235 1303 miror
258 1238 381 1322 tibique
404 1239 551 1323 ignosco,
573 1238 629 1301 sed
651 1238 801 1323 egredere
824 1259 972 1323 propere,
999 1259 1039 1301 ne
1061 1239 1144 1303 alios
1166 1261 1309 1304 eorrum-

135 1350 206 1412 pas,
234 1349 306 1391 cum
334 1348 384 1390 me
412 1348 476 1390 non
504 1326 656 1411 potueris.
707 1326 752 1390 Et
778 1330 828 1410 tu,
855 1325 1011 1411 Micythe,
1039 1331 1209 1413 argentum
1231 1327 1308 1392 huic

136 1415 230 1479 redde
254 1420 319 1497 aut,
341 1415 405 1478 nisi
427 1415 461 1478 id
484 1415 654 1479 confestim
676 1416 769 1500 facis,
792 1436 853 1499 ego
877 1418 908 1478 te
931 1415 1057 1479 tradam
1079 1415 1307 1502 magistratui’.

100 1503 230 1568 4Hunc
262 1502 441 1567 Diomedon
473 1525 546 1567 oum
578 1524 614 1567 ro
638 1508 720 1587 aret,
752 1507 795 1567 ut*
820 1507 892 1567 tuto
925 1504 1028 1567 exiret
1059 1525 1193 1590 suaque,
1225 1527 1307 1589 quae

136 1593 301 1676 attulerat,
324 1591 435 1656 liceret
457 1593 582 1673 efferre,
605 1526 709 1656 ‘istud
732 1591 882 1676 quidem',
905 1591 1020 1676 inquit,
1044 1592 1180 1678 ‘faciam
1202 1615 1306 1677 neque

136 1685 192 1744 tua
219 1703 327 1765 causa,
355 1680 411 1744 sed
438 1701 522 1762 mea,
549 1702 601 1764 ne,
629 1680 657 1743 si
685 1680 745 1743 tibi
773 1680 817 1744 sit
839 1680 975 1764 pecunia
997 1680 1160 1767 adempta,
1188 1681 1306 1765 aliquis

136 1770 233 1854 dicat,
266 1769 299 1832 id
330 1769 372 1833 ad
401 1790 452 1832 me
478 1772 625 1852 ereptum
651 1769 846 1853 pervenisse,
879 1768 966 1851 quod
993 1768 1135 1833 delatum
1163 1770 1307 1854 accipere

101 1857 330 1942 onoluissem'.
380 1856 411 1920 A
438 1879 501 1940 quo
530 1879 602 1921 cum
629 1856 819 1942 quaesisset,
848 1878 912 1940 quo
941 1878 975 1920 se
1003 1857 1116 1922 deduai
1141 1857 1250 1943 vellet,
1273 1862 1307 1922 et

136 1947 190 2029 iile
222 1945 366 2010 Athenas
399 1944 545 2029 dixisset,
581 1945 777 2030 praesidium
809 1945 910 2030 dedit,
942 1949 979 2008 ut
1010 1949 1083 2009 tuto
1114 1947 1306 2030 perveniret.

135 2034 248 2118 Neque
270 2056 346 2099 vero
369 2034 402 2097 id
425 2034 504 2098 satis
528 2033 650 2118 babuit,
673 2033 729 2098 sed
752 2033 858 2118 etiam,
881 2037 918 2097 ut
941 2033 1116 2098 inviolatus
1139 2034 1173 2097 in
1192 2056 1307 2099 navem

136 2123 330 2208 escenderet,
354 2145 413 2207 per
436 2121 608 2187 Chabriam
631 2121 873 2206 Atheniensem,
900 2122 940 2186 de
964 2143 1028 2206 quo
1052 2144 1150 2207 supra
1171 2124 1307 2187 mentio·

101 2230 208 2277 anem
231 2211 374 2296 fecimus,
399 2211 512 2275 effecit.
558 2210 783 2275 Abstinentiae
805 2210 868 2275 erit
889 2209 952 2275 hoc
974 2209 1054 2275 satis
1077 2210 1308 2277 testimonium.

136 2299 281 2364 Plurima
316 2299 446 2384 quidem
476 2300 620 2384 proferre
651 2322 836 2384 possumus,
873 2298 929 2362 sed
959 2298 1075 2363 modus
1107 2299 1309 2364 adhibendus

137 2393 198 2473 est,
231 2388 383 2472 quoniam
414 2408 479 2452 uno
506 2387 568 2453 hoc
595 2387 758 2452 volumine
784 2388 885 2453 vitam
913 2386 1137 2451 excellentium
1164 2388 1309 2453 virorum

110 2515 111 2519 =
137 2476 350 2561 complurium
387 2476 574 2541 concludere
606 2477 846 2560 constituimus,
882 2497 1020 2560 quorum
1051 2497 1102 2540 res
1135 2477 1309 2561 separatim

75 2606 77 2613 ι
137 2565 249 2666 multis
284 2565 416 2629 milibus
451 2586 601 2629 versuum
637 2565 817 2650 complures
853 2565 1027 2649 scriptores
1059 2568 1132 2628 ante
1164 2587 1224 2629 nos
1256 2587 1310 2629 ex-

137 2655 364 2806 plicabiniiuit
390 2743 488 2806 etiam
516 2743 669 2825 disertus,
696 2746 734 2807 ut
760 2763 853 2806 nemo
881 2740 910 2805 ei
937 2739 1111 2805 Thebanus
1137 2762 1197 2826 par
1224 2741 1311 2805 esset

30 3000 32 3007 7
78 2919 81 2927 ¹
136 2934 180 2989 bis
199 2939 259 2988 ³59.
283 2965 318 2974 —
340 2935 579 3004 corrumpendum,
602 2933 642 2988 im
660 2933 693 2989 D.
747 2932 822 2987 licha
839 2947 875 2986 ne
893 2931 956 3001 quis
975 2930 1019 3001 (A.
1036 2931 1067 2986 B.
1083 2934 1119 3001 5),
1139 2931 1242 2986 ‘demit
1261 2932 1312 2986 ans

136 3006 215 3059 Infin.
229 3003 282 3058 mit
296 3004 362 3072 ‘au’2
378 3037 412 3046 -
427 3006 549 3060 talentis:
565 3010 579 3058 1
593 3003 696 3059 'Palent
748 3003 850 3058 kainon
876 3002 940 3058 Fall
964 3002 1102 3072 jemand’.
1129 3035 1163 3044 -
1188 3009 1310 3072 ereptam

137 3103 171 3122 =
184 3076 257 3129 rund
274 3080 345 3130 4800
363 3075 457 3144 Marii,
477 3074 533 3146 vgl.
547 3075 560 3129 1
576 3081 600 3144 7,
614 3080 639 3130 6.
660 3107 694 3116 -
750 3074 804 3128 ‘als
822 3073 930 3141 Raub';
950 3073 1002 3126 auf
1017 3072 1093 3128 ahnl.
1113 3073 1209 3128 Weiss
1226 3075 1311 3128 fiber·

137 3148 302 3202 volantatem
322 3145 472 3201 ‘Absicht'.
749 3147 824 3200 satae
843 3145 915 3215 auch
933 3144 1060 3199 delatum

172 3224 196 3271 2.
216 3217 394 3272 Diomedonti
414 3217 516 3298 gehbrt
538 3235 571 3270 au
590 3218 694 3286 ioquin
784 3220 809 3271 5.
833 3216 979 3285 suammet
1058 3215 1184 3284 dudem,
1212 3214 1252 3268 im
1274 3213 1307 3268 D.

136 3305 228 3344 eoram
259 3287 378 3342 Adverb.
413 3289 468 3340 ‘ms
496 3286 632 3342 Gesicht'.
660 3319 694 3327 -
749 3285 860 3357 Imperf.
879 3318 914 3326 -
932 3285 1067 3352 Athenae,
1090 3284 1177 3339 nami.
1199 3301 1227 3342 ae
1244 3286 1310 3340 velle

138 3360 219 3414 Nihil
245 3358 322 3413 steht
343 3358 479 3412 unweilen
502 3358 545 3412 als
568 3358 694 3412 attrkere
748 3359 852 3413 deduci
876 3389 911 3397 -
933 3373 1018 3425 neque
1045 3372 1107 3411 vero
1133 3355 1213 3409 ‘aber
1236 3356 1309 3410 auch

137 3429 280 3500 Negation
306 3429 352 3482 fur
377 3446 433 3484 non
461 3430 524 3500 ‘gar
545 3428 636 3497 nicht,
665 3428 695 3482 in
748 3428 847 3483 nicht’.
866 3460 902 3469 -
919 3428 987 3482 satis
1005 3427 1102 3481 habuit
1121 3425 1204 3480 ‘bielt
1220 3443 1249 3480 es
1263 3426 1310 3480 hir

137 3500 234 3599 treiner
264 3499 379 3555 Weise’.
408 3532 442 3597 Τ
475 3502 606 3570 decipere,
643 3499 695 3553 wir
749 3516 855 3583 gonug,
883 3514 943 3552 war
967 3496 1058 3578 damit
1074 3496 1249 3579 ,aufriedenQ
1275 3530 1308 3537 -

150 3571 440 3713 “swern
530 3658 587 3696 a„
721 3709 724 3716 ,
750 3569 970 3695 smne?
992 3567 1310 3693 senseras

139 3713 234 3768 ‘dass’.
262 3744 299 3753 —
325 3714 494 3785 incomitum
520 3712 580 3767 lose
608 3713 696 3767 durch
751 3718 775 3766 1.
793 3710 891 3766 Halae
910 3711 959 3764 des
978 3715 1003 3764 4.
1021 3709 1118 3764 Jahrb.
1138 3727 1163 3790 a.
1182 3709 1245 3791 (ihr.

137 3784 220 3839 einen
237 3783 410 3839 Relativsata
433 3783 488 3839 aus.
507 3816 543 3823 -
560 3785 603 3839 tui
620 3785 694 3838 simi·
784 3788 809 3838 6.
829 3783 966 3849 Plurima,
983 3780 1069 3834 ntml.
1087 3781 1259 3835 testimonia.
1275 3813 1309 3820 —

139 3857 189 3910 tem
200 3853 512 3926 ‘fflrdeinesgleichen'.
523 3855 694 3924 -potueria,
747 3870 904 3922 possumus,
922 3850 962 3905 im
979 3850 1012 3905 D.
1032 3851 1083 3905 der
1100 3850 1254 3932 Konjunlrt.
1274 3883 1309 3891 —

137 3925 222 3980 ntml.
242 3941 423 3996 corrumpere.
748 3941 874 3980 sermm
896 3921 1027 3990 ‘Zeilen',
1050 3937 1109 3976 was
1132 3921 1179 3977 dre
1201 3925 1311 3993 ergent·

173 4003 198 4052 4.
227 3998 323 4065 eoiret,
355 3995 572 4067 eigentdmliche
604 3995 694 4050 Kflrae
748 3993 822 4050 liche
849 3993 1018 4063 Bedeutung
1048 3992 1099 4047 dea
1126 3991 1239 4047 Wortcs
1270 3992 1310 4046 iat

138 4068 186 4122 des
209 4067 384 4135 Ausdrucka‚
411 4067 449 4121 da
475 4067 526 4122 der
551 4066 581 4121 in
605 4067 695 4122 liceret
750 4069 783 4136 (v.
803 4068 899 4134 verto).

137 4138 175 4193 lie
196 4140 267 4193 ende
294 4137 402 4210 Bogriff
431 4138 504 4194 auch
535 4136 580 4192 fiir
610 4139 695 4193 exiret
783 4137 813 4192 b.
832 4138 877 4189 An
891 4132 1030 4216 dreiBeia
1051 4132 1210 4216 ielenwird
1223 4135 1310 4188 naeh-

137 4157 267 4280 veriangt
296 4208 375 4266 vird.
402 4241 439 4250 -
499 4209 571 4264 idern
601 4208 695 4262 ‘aller-
747 4206 900 4289 genisaco,
925 4221 979 4260 arie
1001 4152 1188 4276 achlagfertrg
1209 4204 1309 4275 Epam.

137 4281 241 4352 dinga’.
265 4312 299 4321 -
322 4297 407 4351 aeque
435 4280 465 4334 ‘a
500 4278 635 4334 rnicht'.
661 4311 693 4320 -
747 4295 787 4332 nn
805 4277 971 4332 Antworten
988 4292 1054 4331 war.
1234 4305 1236 4308 -

137 4370 171 4407 ne
189 4353 299 4422 aliquia,
319 4352 429 4406 attrker
442 4350 484 4406 ala
498 4350 550 4405 das
562 4350 693 4421 gewohn·
784 4354 809 4404 1.
831 4365 909 4404 acmo
933 4347 1078 4424 stotonae
1101 4346 1155 4402 wie
1177 4353 1209 4416 2,
1226 4352 1250 4400 1.
1276 4377 1309 4386 -
