2850 4740
490 209 522 264 V.
552 208 673 264 CIMON.
712 208 787 264 CAP.
810 215 831 261 l.
854 214 876 261 2.

660 533 702 604 V,

186 689 213 752 1.
248 688 417 774 Cimon,
442 687 600 752 Miltiadis
628 687 727 772 filius,
754 685 961 751 Atheniensis
989 685 1068 749 duro
1099 686 1270 750 admodum

95 777 191 842 initio
224 799 301 842 usus
337 780 387 841 est
422 775 663 841 adulescentiae.
718 774 803 840 Nam
840 796 912 838 cum
948 778 1039 859 pater
1075 775 1144 839 eius
1179 775 1270 838 litem

93 866 296 930 aestimatam
325 865 446 950 populo
479 864 602 929 solvere
633 885 699 928 nou
726 863 885 946 potuisset
912 863 954 926 ob
982 884 1115 946 eamque
1143 884 1270 927 oausam

94 955 129 1018 in
148 953 262 1018 vinclis
280 953 420 1039 publicis
442 953 637 1036 decessisset,
663 951 777 1016 Cimon
801 951 911 1015 eadem
934 950 1079 1014 custodia
1101 952 1271 1015 tenebatur

92 1063 197 1127 neque
231 1041 362 1128 legibus
391 1040 640 1106 Atheniensium
676 1040 781 1104 emitti
818 1042 958 1124 poterat,
994 1039 1057 1103 nisi
1093 1040 1270 1124 pecuniam,

93 1152 157 1215 qua
179 1134 272 1214 pater
294 1130 451 1194 multatus
475 1132 557 1213 erat,
585 1128 741 1193 solvisset.
788 1126 938 1192 Habebat
965 1131 1072 1191 autem
1100 1127 1133 1191 in
1161 1129 1305 1192 matri-2

92 1218 203 1283 monio
227 1239 370 1283 sororem
393 1239 579 1302 germanam
602 1238 693 1280 suam
715 1216 845 1281 nomine
868 1215 1051 1300 Elpinicen,
1078 1237 1143 1279 non
1167 1217 1270 1303 magis

92 1327 203 1371 amore
221 1328 318 1391 quam
341 1328 431 1371 more
455 1306 577 1370 ductus.
618 1301 767 1389 Namque
785 1303 1038 1368 Atheniensibus
1061 1303 1137 1368 licet
1160 1304 1270 1369 eodem

92 1397 184 1480 patre
221 1397 313 1459 natas
347 1416 464 1459 uxores
496 1395 618 1458 ducere.
673 1392 780 1457 Huius
812 1392 954 1477 coniugii
988 1391 1121 1476 cupidus
1154 1392 1304 1457 Gallicas

94 1482 239 1567 quidam,
271 1504 336 1547 non
368 1486 435 1547 tam
468 1502 642 1568 generosus
675 1503 772 1565 quam
805 1480 1011 1565 pecuniosus,
1048 1481 1103 1564 qui
1140 1504 1272 1567 magnas

92 1571 244 1655 pecunias
276 1593 316 1635 ex
342 1570 482 1634 metallis
510 1571 641 1653 fecerat,
673 1569 741 1655 egit
769 1590 841 1633 cum
870 1567 1017 1652 (limone,
1048 1573 1086 1632 ut
1112 1591 1181 1634 eam
1210 1570 1272 1634 sibi

94 1669 229 1723 uxorem
253 1657 357 1744 daret,
384 1659 418 1722 id
441 1659 469 1722 si
492 1659 708 1741 impetrasset,
732 1679 765 1721 se
788 1679 847 1742 pro
870 1657 928 1720 illo
954 1657 1123 1740 pecuniam
1151 1658 1271 1722 solutu·

93 1767 174 1810 rum.
219 1744 348 1811 Iseum
371 1746 469 1810 talem
493 1744 714 1810 condicionem
741 1748 979 1830 aspernaretur,
1002 1745 1150 1829 Elpinice
1178 1762 1306 1834 nega-4

93 1835 143 1898 vit
174 1856 208 1898 se
238 1856 406 1918 passuram
435 1832 592 1898 Miltiadis
623 1834 812 1919 progeniem
843 1834 879 1900 in
910 1833 1024 1897 vinclis
1055 1834 1194 1917 publicis
1226 1837 1272 1898 in-

93 1922 205 2006 terire,
230 1922 387 2006 quoniam
412 1921 585 2006 prohibere
610 1924 733 2022 posset,
763 1943 861 2005 seque
888 1920 1008 1988 Calliae
1034 1926 1221 2007 nupturam,
1244 1924 1273 1988 si

94 2031 140 2094 ea⁷
163 2009 779 2162 qllaerlilhniddbtudirslddidhlilidibtus
802 2094 916 2161 cimon
945 2099 1091 2162 celeriter·
1119 2099 1159 2162 ad
1185 2099 1271 2182 prin-

93 2186 235 2269 cipatum
262 2187 416 2270 pervenit.
466 2184 617 2249 Habebat
649 2185 734 2248 enim
762 2185 840 2250 satis
872 2186 1087 2270 eloquentiae,
1114 2210 1272 2251 summam

92 2273 333 2358 liberalitatem,
365 2295 516 2360 magnam
548 2273 752 2357 prudentiam
785 2295 858 2337 cum
890 2274 970 2338 iuris
997 2275 1101 2339 civilis
1128 2281 1198 2339 tum
1225 2275 1272 2340 rei

92 2361 256 2447 militaris,
285 2361 372 2447 quod
399 2382 471 2425 cum
498 2364 591 2445 patre
618 2385 636 2425 a
663 2383 763 2446 puero
791 2362 825 2425 in
853 2363 1046 2428 exercitibus
1073 2365 1179 2427 fuerat
1206 2386 1271 2428 ver-

93 2454 206 2515 satus
226 2448 339 2534 Itaque
362 2450 416 2514 hie
439 2453 472 2514 et
494 2449 652 2534 populum
674 2450 833 2514 urbanum
856 2451 890 2514 in
913 2473 971 2515 sua
989 2452 1094 2515 tenuit
1111 2456 1272 2536 potestate

94 2542 126 2602 et
154 2538 239 2622 apud
267 2539 444 2603 exercitum
466 2538 644 2622 plurimum
667 2538 769 2602 valuit
796 2539 995 2618 auctoritate.
1042 2539 1188 2604 Primum
1216 2541 1307 2604 ima

128 2729 151 2785 l.
171 2728 275 2796 Cimon,
300 2729 349 2784 der
369 2729 443 2782 nach
461 2729 655 2783 athenisehem
708 2736 790 2784 natac
828 2729 885 2783 ‘die
920 2730 1039 2799 eigenen
1071 2729 1271 2800 Schwestern’3

93 2797 194 2853 Gesetz
217 2798 263 2852 fiir
291 2799 336 2853 die
360 2816 414 2853 von
436 2799 542 2853 seinem
566 2798 655 2854 Vater
709 2799 884 2869 cigentlich?

93 2869 237 2924 Miltiades
259 2869 465 2924 hinterlassene
488 2869 594 2923 Schuld
616 2869 656 2922 im
744 2876 769 2924 3.
784 2871 867 2924 buius
876 2869 973 2924 Genet.
989 2889 1012 2924 v.
1023 2873 1094 2936 baec.
1106 2878 1272 2927 -nontam

93 2937 248 3010 Gefangnis
263 2940 363 2994 bulsen
381 2940 462 3008 muse,
481 2939 590 2993 hommt
603 2959 656 2993 nur
711 2983 751 2994 ...
767 2958 850 3009 quam
865 2941 955 2994 ‘nicht
969 2941 1074 2995 sowohl
1091 2941 1190 2995 ...·als
1204 2941 1271 2995 viel-

92 3010 181 3064 dureh
218 3010 264 3064 die
297 3010 534 3080 Opferwilligkeit
565 3010 656 3065 seiner
709 3011 808 3064 mehr'.
828 3044 861 3050 -
878 3014 1011 3080 pecunias
1027 3011 1217 3082 ‘Verm‘o'gen’.
1236 3043 1272 3052 -

93 3079 250 3134 Schwester
266 3080 326 3135 frei.
710 3081 749 3135 Zu
763 3083 917 3137 soluturum
930 3082 985 3152 vgl.
1000 3084 1032 3135 A.
1048 3083 1078 3135 B.
1096 3088 1128 3135 15
1144 3101 1169 3135 u.
1187 3088 1227 3137 17.

52 3151 56 3158 '
133 3158 156 3205 1.
175 3168 242 3206 usas
256 3159 295 3206 est
309 3152 409 3218 hatte,
427 3150 572 3205 verlebte’.
602 3151 656 3204 Zur
688 3154 690 3158 ’
744 3157 769 3205 4.
789 3154 898 3222 aepccc't
922 3153 1025 3222 ‘aagte’
1051 3152 1104 3206 mit
1126 3152 1272 3223 folgender

93 3219 183 3275 Sache
206 3222 260 3304 vgl.
284 3222 297 3274 I
318 3226 382 3290 7,5
409 3221 468 3273 und
494 3227 523 3289 6,
552 3221 655 3276 ebenso
709 3221 864 3302 Negation3
887 3240 941 3276 von
960 3223 1022 3276 dem
1041 3222 1182 3304 positiven
1203 3222 1272 3278 Ver-

93 3294 340 3442 cassalun
354 3291 655 3416 attuleruut
708 3292 1146 3433 tutzlnttattrthg·
1171 3293 1220 3348 ¹¹¹²
1243 3311 1271 3350 ⁸⁶

94 3432 156 3486 eine
179 3450 218 3486 rm
236 3433 269 3487 D.
292 3433 431 3503 geltufige
449 3432 602 3502 Wandung
620 3450 654 3486 zu
744 3433 773 3486 2.
788 3433 869 3486 Naeh
885 3433 975 3486 seiner
989 3433 1141 3504 Befreiung
1155 3451 1207 3488 aus
1222 3434 1272 3488 der

93 3502 206 3557 auehen.
709 3502 878 3556 Schuldhaft
900 3504 988 3557 findet
1010 3503 1107 3558 Cimon
1131 3504 1199 3558 bald
1218 3503 1270 3559 Ge-

129 3579 153 3626 2.
168 3574 200 3627 ia
213 3574 388 3627 nutrimento
401 3574 497 3627 haber-e
512 3573 655 3626 ‘zurFrau
710 3572 861 3643 legenheit,
873 3573 1271 3629 demVaterlandebesonders

92 3642 214 3711 haben’3
241 3660 354 3698 uxorem
377 3643 430 3713 (od.
456 3643 487 3697 in
512 3643 655 3697 matrimo·
709 3643 748 3696 im
766 3643 869 3712 Kriege
887 3644 940 3697 mit
958 3643 1056 3698 seinen
1071 3645 1271 3715 hervorragen-

92 3712 181 3784 nium)
206 3715 302 3769 ducem
331 3715 391 3766 ‘zur
415 3714 488 3767 Frau
514 3713 653 3768 nahmen'.
710 3714 763 3767 den
783 3712 881 3767 Gaben
901 3733 934 3767 zu
952 3717 1064 3768 ntitzen.

93 3815 128 3824 -
150 3785 304 3865 Elpinicen
321 3784 360 3838 ist
377 3784 481 3854 griech.
501 3784 584 3838 Form
606 3784 655 3838 des
745 3791 768 3838 1.
780 3785 932 3854 prudentia
945 3784 999 3838 mit
1013 3785 1076 3837 dem
1091 3801 1152 3854 gen.
1169 3785 1269 3840 obieet.

86 3861 150 3908 ace.
175 3871 247 3936 smg.
271 3887 305 3895 -
328 3871 386 3909 ewa
404 3857 492 3925 mepta
507 3899 511 3907 .
529 3896 534 3905 .
552 3898 557 3909 .
573 3872 655 3924 quam
711 3854 859 3908 ‘Kenntnis
873 3855 903 3908 in
922 3854 1000 3909 einer
1013 3855 1123 3908 Sache'.
1138 3887 1174 3896 —
1188 3874 1206 3911 a
1216 3873 1270 3924 pu-

94 3924 185 3978 ‘nieht
202 3925 541 3996 ergentlich...sondern
554 3925 654 3992 mehr'3
709 3942 752 3979 erc
784 3926 848 3979 ‘ron
875 3925 953 3978 klein
984 3924 1052 3978 aut'.
1081 3957 1115 3964 ·—
1144 3927 1175 3978 iu
1204 3925 1270 3993 ‘bei‚

93 3995 192 4051 dumus
205 3997 307 4066 gehbrt
320 3995 552 4050 awarsowohlzu
565 4012 656 4050 amore
709 3997 810 4049 unter'.
831 4028 865 4035 -
884 3998 975 4062 facerat
993 4002 1114 4050 vasatas
1132 3995 1209 4050 kann
1232 3996 1271 4048 im

92 4064 146 4119 wie
165 4084 199 4119 zu
217 4083 298 4134 ruore,
315 4066 389 4120 muss
409 4067 476 4120 aber
494 4066 533 4121 im
550 4066 583 4120 D.
605 4066 655 4121 das
709 4066 741 4119 D.
767 4066 839 4119 auch
862 4084 915 4119 nur
938 4066 1025 4119 durch
1051 4065 1101 4118 das
1124 4064 1268 4134 Plusqupf.

92 4135 156 4190 eine
174 4137 234 4190 Mal
252 4138 341 4191 durch
365 4137 453 4205 ‘aus’‚
477 4138 528 4190 das
553 4137 655 4191 andere
709 4137 940 4207 wiedergegeben
963 4137 1082 4190 werden.
1108 4168 1141 4175 -
1165 4137 1195 4189 ia
1218 4153 1269 4190 suu

92 4206 153 4260 Mal
166 4207 255 4262 durch
271 4209 365 4262 ‘nach’
378 4208 520 4262 ubersetzt
534 4208 653 4262 werden,
710 4209 797 4263 tenerit
811 4214 953 4276 potestate,
978 4207 1004 4260 d.
1023 4207 1050 4259 h.
1071 4222 1101 4258 er
1121 4205 1217 4259 lenkte
1241 4222 1269 4259 es

68 4277 215 4345 ¹Beaehte
243 4279 293 4332 das
320 4278 351 4332 in
378 4295 469 4334 amore
498 4279 556 4332 und
584 4294 656 4334 more
709 4278 783 4333 nach
802 4277 907 4331 seinem
925 4276 1038 4330 Willen.

92 4346 223 4417 liegende
239 4349 455 4419 Wortspielt.-
471 4351 560 4405 eodem
576 4357 656 4419 patre
746 4355 770 4402 2.
787 4349 908 4418 priorum
927 4350 1074 4415 impactae
1092 4347 1162 4399 wird
1181 4345 1217 4399 im
1238 4345 1269 4398 Ι).

124 4503 126 4507 .
147 4446 219 4489 Ocra.
234 4449 322 4490 Nrroa.
