2850 4740
509 210 542 266 x,
572 209 669 265 DION.
708 209 784 264 cnr.
805 216 829 264 4.
851 216 874 264 5.
1207 294 1211 300 .
1237 208 1278 273 61

104 374 187 438 mari
208 372 351 459 volebat,
374 372 408 437 id
438 393 471 437 se
494 394 559 436 non
583 371 657 437 odio
679 371 829 456 hominis,
851 371 908 436 sed
931 393 1007 436 suae
1030 370 1145 436 salutis
1166 371 1280 436 fecisse

105 484 208 527 causa.
253 461 371 527 Postea
394 481 469 526 vero
493 482 590 546 quam
613 459 736 527 audivit
758 482 831 524 eum
854 459 889 523 in·
905 459 1127 544 Peloponneso
1150 481 1282 524 manum
1300 479 1315 526 3

105 571 290 636 comparare
312 549 438 634 sibique
461 548 580 639 bellum
600 549 706 614 facere
721 549 839 632 conari,
857 546 987 632 Areten,
1004 547 1120 612 Dionis
1138 569 1281 633 uxorem,

101 639 161 703 alii
196 642 334 724 nuptum
366 637 455 702 dedit
484 637 652 722 filiumque
682 637 752 701 eius
784 637 830 702 sio
861 636 989 701 educari
1020 635 1130 720 iussit,
1165 640 1203 700 ut
1234 637 1281 700 in-

33 780 35 789 ,
105 727 267 814 dulgendo
308 725 504 812 turpissimis
545 725 743 790 imbueretur
782 724 1035 810 cupiditatibus..
1079 723 1165 789 Nam
1201 745 1315 809 puere

104 816 180 880 vino
204 814 370 900 epulisque
394 814 589 879 obruebatur
609 834 714 899 neque
731 813 834 878 ullum
852 816 979 898 tempus
997 811 1106 878 sobrio
1123 812 1280 898 relinque

105 904 208 968 batur.
272 902 305 968 Is
341 924 442 988 usque
478 923 516 966 eo
553 902 638 966 vitae
675 906 795 966 statum
831 905 1063 967 commutatum
1099 901 1183 966 ferre
1214 922 1315 970 nonu

104 992 226 1077 potuit,
261 995 435 1077 postquam
470 991 504 1054 in
535 990 675 1076 patriam
706 990 802 1054 rediit
832 993 924 1075 pater
956 987 1108 1076 (namque
1139 989 1281 1075 appositi

105 1084 197 1145 erant
220 1079 377 1164 custodes,
400 1079 456 1165 qui
478 1099 551 1143 eum
574 1100 594 1142 a
615 1078 753 1164 pristino
776 1078 864 1143 victu
886 1075 1102 1164 deducerent),
1124 1081 1163 1142 ut
1184 1098 1219 1143 se
1241 1077 1281 1142 de

105 1168 269 1254 superiore
291 1171 382 1252 parte
405 1167 531 1232 aedium
555 1166 705 1232 deiecerit
726 1169 823 1250 atque
845 1167 892 1231 ita
914 1165 1080 1231 interierit.
1118 1163 1182 1230 Sed
1204 1165 1300 1230 illuc*

105 1262 256 1322 revertor.
559 1276 561 1280 ·

193 1346 223 1410 5.
254 1344 432 1429 Postquam
465 1342 657 1408 Corinthum
693 1342 840 1428 pervenit
875 1341 962 1407 Dion
1003 1347 1037 1407 et
1068 1343 1179 1408 eodem
1210 1364 1280 1427 per·
1369 1414 1372 1420 Δ

104 1434 191 1520 sugit
213 1432 400 1498 Heraclides
428 1433 469 1498 ab
497 1433 609 1498 eodem
637 1431 789 1516 expulsus
815 1430 988 1516 Dionysio,
1007 1431 1071 1516 equi
1098 1430 1279 1515 praefectus

104 1523 211 1587 fueret
247 1522 405 1607 equitum,
442 1521 529 1586 omni
566 1520 691 1585 ratione
727 1519 848 1584 bellum
881 1541 1065 1605 competere
1097 1523 1279 1604 coeperunt.

106 1602 170 1676 Sed
201 1633 266 1675 non
298 1611 438 1675 multum
469 1609 695 1694 proficiebant,
727 1608 813 1693 quod
841 1607 1019 1672 multorum
1046 1629 1204 1673 annorum
1232 1613 1315 1692 tyra

106 1699 216 1764 rannis
248 1720 438 1785 magnarum
470 1719 568 1783 opum
594 1697 779 1783 putabatur.
828 1694 932 1773 Quam
959 1697 1001 1761 ob
1029 1718 1158 1761 oausam
1185 1698 1280 1781 pauci

38 1843 40 1851 ,
104 1787 146 1852 ad
175 1788 362 1853 societatem
389 1785 524 1872 periculi
551 1784 816 1870 perducebantur.
866 1783 929 1850 Sed
955 1784 1055 1869 Dion,
1085 1785 1187 1849 fretus
1213 1804 1314 1850 none

54 1949 61 1964 ·
105 1880 172 1940 tum
204 1876 272 1941 suis
304 1875 406 1959 copiis
438 1895 535 1959 quam
567 1874 641 1939 odio
669 1873 814 1960 tyranni,
844 1873 985 1938 maximo
1018 1873 1126 1938 animo
1154 1873 1278 1937 duabus

106 1964 262 2029 onerariis
289 1963 426 2029 navibus
454 1962 691 2048 quinquaginta
717 1984 874 2027 annorum
901 1961 1086 2046 imperium,
1117 1961 1279 2025 munitum

105 2050 728 2225 lldtll‘illltlllsnllllltidlm
745 2049 1279 2224 {thlmttlmgltltlll

105 2191 253 2293 mirabile
276 2235 329 2293 est
348 2229 462 2313 visum,
485 2228 564 2292 adeo
587 2226 681 2292 facile
703 2189 850 2312 perculit,
872 2230 910 2290 ut
931 2231 1007 2310 post
1030 2226 1114 2290 diem
1137 2227 1279 2311 tertium,

106 2339 203 2402 quam
222 2314 366 2381 Siciliam
389 2316 551 2402 attigerat,
575 2313 750 2400 Syracusas
769 2315 939 2380 introierit.
981 2315 1031 2379 nx
1050 2337 1114 2399 quo
1134 2315 1279 2401 intellegi
1294 2342 1332 2382 car

104 2409 214 2490 potest
236 2403 362 2470 nullum
385 2425 454 2469 esse
472 2403 642 2489 imperium
661 2407 769 2468 tutum
787 2403 850 2467 nisi
868 2403 1091 2467 benevolentia
1109 2403 1278 2468 munitum.

106 2493 155 2559 Eo
179 2497 322 2578 tempore
345 2494 456 2558 aberat
473 2492 650 2576 Dionysius
674 2495 707 2556 et
729 2492 762 2556 in
785 2489 881 2556 Italia
900 2492 1034 2556 classem
1053 2491 1280 2575 opperiebatur
1298 2511 1315 2557 4

105 2581 375 2668 adversariorum,
403 2585 492 2646 ratus
519 2581 679 2645 neminem
707 2581 776 2644 siue
803 2580 929 2665 magnis
958 2580 1060 2664 copiis
1086 2580 1126 2642 ad
1149 2602 1183 2643 se
1205 2602 1279 2644 ven-

106 2674 223 2734 turum.
270 2668 357 2746 Quae
385 2691 436 2734 res
463 2691 537 2733 eum
558 2668 688 2755 fefellit.
733 2668 820 2733 Nam
843 2667 928 2732 Dion
952 2668 993 2732 iis
1017 2669 1110 2752 ipsis,
1139 2669 1194 2751 qui
1218 2669 1313 2732 subo

106 2877 242 2948 bannung
277 2877 326 2932 des
362 2877 443 2932 Dion.
476 2909 509 2918 —
546 2880 665 2933 hominia
718 2880 789 3001 esspp
802 2877 996 2947 prtdikativer
1009 2879 1101 2947 genet.
1117 2876 1278 2945 qualitatis3

106 2952 152 3020 (ιιι
166 2948 276 3018 Dionis)
294 2959 356 3019 gen.
376 2947 476 3003 obiect.
717 2947 801 3002 beie
838 2947 901 3001 sind
938 2947 1026 3000 durch
1058 2948 1278 3016 entspreohende

142 3025 167 3073 3.
188 3019 287 3074 Postea
301 3036 364 3074 vero
377 3019 665 3089 quom=Postquam
717 3017 867 3088 Adjelrtive
883 3017 1122 3088 wiederzugeben.
1141 3050 1177 3058 —
1192 3021 1279 3087 pauci

107 3106 177 3144 vero.
197 3091 414 3145 -ieubueretur
430 3089 489 3144 fast
506 3088 594 3143 soviel
610 3088 664 3143 wie
720 3090 783 3142 ‘nur
801 3088 930 3159 wenige'.
951 3121 986 3128 -
1003 3091 1117 3144 societas
1135 3088 1196 3142 hier
1216 3089 1278 3142 ‘Be-

107 3160 276 3214 assuefieret.
392 3174 398 3186 ⁸
718 3159 839 3230 teiligun
860 3161 878 3213 ².
907 3192 941 3199 -
969 3161 1124 3228 perieulum
1157 3159 1278 3229 ‘gelehr-

142 3238 166 3285 4.
179 3230 231 3285 -Zu
253 3232 447 3300 nequeuntem
469 3231 525 3355 egl.
545 3232 577 3285 A.
592 3232 623 3285 B.
639 3236 663 3285 5.
718 3230 805 3284 volles
849 3230 1053 3284 uternehmen'.

107 3332 140 3341 —
164 3302 265 3371 sobrio,
289 3302 315 3355 d.
339 3301 357 3355 i.
379 3317 435 3370 quo
454 3317 484 3355 so
505 3300 563 3354 rius
582 3304 663 3356 esset.
753 3307 777 3356 3.
802 3302 876 3368 odio,
901 3301 951 3354 der
968 3300 1165 3354 Uuterthenen
1186 3317 1277 3371 gegen

143 3378 166 3426 5.
186 3389 270 3441 nequeo
287 3389 317 3427 eo
337 3414 342 3425 .
359 3415 364 3425 .
382 3417 386 3426 .
405 3389 470 3440 non,
488 3370 533 3425 bis
552 3388 589 3426 zu*
600 3372 664 3425 dem
717 3372 798 3425 ihren
825 3371 982 3440 Tyronnen.
1012 3404 1045 3411 —
1074 3373 1277 3441 qreiuquape'uta

107 3440 200 3496 Grade
219 3485 225 3496 .
242 3484 247 3496 .
264 3485 270 3497 .
289 3442 380 3511 nicht,
405 3442 431 3496 d.
450 3443 468 3496 i.
490 3442 531 3496 ‘so
549 3459 592 3497 we
615 3442 620 3453 '
644 3443 662 3497 ’.
718 3459 855 3497 annorum
882 3445 954 3512 (gen.
983 3442 1072 3510 qual,
1100 3442 1170 3495 wird
1193 3443 1276 3495 eben·

107 3512 185 3566 Danu
208 3514 310 3583 gehort
326 3519 358 3567 ut
375 3530 402 3567 oe
419 3514 550 3568 deiecerit.
570 3545 605 3554 -
646 3530 663 3565 u
718 3512 783 3566 falla
798 3513 940 3583 Adjelrtiv)
959 3515 1103 3582 imperium
1121 3512 1159 3567 iet
1173 3511 1277 3582 Objekt

107 3585 156 3652 qui
187 3585 347 3640 deducerent
372 3583 428 3653 vgl.
456 3583 487 3637 A.
508 3584 538 3637 B.
560 3589 600 3638 11.
629 3615 664 3624 -
718 3600 752 3637 zu
768 3583 832 3637 dem
846 3583 982 3653 Supinum
995 3590 1196 3654 oppupuotum
1211 3599 1276 3652 pro-

107 3655 174 3708 e'llue
193 3654 253 3707 ‘zur
266 3653 376 3723 Suche'‚
396 3654 422 3716 d,
441 3652 459 3708 i.
475 3671 538 3707 zum
550 3652 665 3708 Bericht
717 3656 803 3721 fectus
821 3653 880 3708 lose
898 3654 986 3708 durch
1007 3653 1210 3708 Koordination
1229 3654 1280 3708 auf

106 3741 160 3779 von
178 3725 228 3778 der
245 3723 434 3795 Vertreibung
450 3724 545 3779 Dione.
718 3724 883 3795 (A.B.18b)
908 3725 966 3778 und
988 3724 1123 3778 verbinde
1146 3725 1200 3778 den
1223 3725 1277 3778 Re-

142 3795 172 3852 ὅ.
193 3794 267 3850 Dion
289 3797 380 3849 rdetet
400 3813 459 3848 nun
481 3812 544 3848 zum
561 3794 664 3864 Kn'ege
717 3793 847 3852 lativsatz
875 3797 972 3864 quod.
995 3841 998 3848 .
1021 3802 1083 3856 ‚eet
1109 3798 1198 3850 cisum
1224 3795 1277 3849 mit

107 3881 198 3936 gegen
212 3865 326 3935 Dionys,
345 3864 521 3936 bemtohtigt
538 3864 598 3920 sich
613 3864 665 3919 mit
718 3867 785 3920 odeo
811 3867 894 3932 facile
917 3867 1042 3935 perculit.
1067 3898 1100 3906 —
1120 3873 1184 3935 post
1206 3867 1277 3920 diem
1345 3900 1347 3905 «

107 3935 373 4006 groleerlldhnheit
386 3937 436 3990 der
449 3934 664 4006 StadtSyrahus
718 3938 826 3991 tertium
848 3934 935 4005 'quom
954 3964 987 3983 =
1007 3936 1052 3990 die
1075 3936 1172 4005 tertio,
1200 3940 1276 4006 poet-

107 4007 166 4060 und
192 4007 288 4061 macht
316 4007 375 4061 sich
404 4025 465 4060 zum
492 4006 583 4061 Herm
611 4024 664 4061 von
719 4023 811 4076 quam.
831 4039 865 4047 -
883 4009 992 4062 nullum
1010 4009 1067 4062 reici
1085 4008 1116 4062 Α;
1132 4009 1162 4061 Β.
1180 4013 1203 4062 6.

107 4076 229 4132 Sicilien.
753 4083 779 4132 4.
804 4078 841 4132 ad
863 4096 902 4146 se,
926 4078 987 4132 hier
1005 4077 1139 4135 feindlich
1160 4079 1207 4132 ‘un
1227 4078 1275 4131 ihu

145 4156 168 4202 1.
184 4151 219 4203 ab
232 4149 322 4204 eodem
335 4149 473 4218 Dionysio
486 4146 577 4202 libers.
592 4147 665 4202 nach
719 4149 814 4217 heren,
834 4150 885 4203 auf
900 4148 950 4202 ihu
968 4149 1029 4203 los’.

107 4218 257 4273 A.B.1e·.
756 4225 780 4272 ὁ.
799 4219 992 4288 Qteue=Sed
1011 4235 1044 4272 ea
1063 4220 1106 4288 (Α.
1122 4220 1152 4273 B.
1170 4222 1221 4287 10).
1242 4252 1273 4259 -κ

144 4296 168 4343 2.
196 4291 343 4346 multorum
367 4305 503 4345 annorum
524 4289 564 4344 ist
585 4289 666 4344 attn‘-
718 4291 755 4344 ile
764 4292 840 4359 ipsis,
849 4289 906 4343 abl.
917 4289 1067 4353 insu-„wie
1078 4289 1122 4343 hei
1133 4290 1275 4359 Truppen·

107 4359 229 4429 butiver‚
261 4377 425 4431 enayuamm
456 4377 538 4429 opum
569 4360 665 4431 (nltml.
719 4359 960 4430 bezeichnungen:
984 4360 1030 4414 die
1049 4361 1188 4414 Personen
1212 4359 1274 4414 siud
