2850 4740
159 162 221 226 118
498 161 556 214 xx.
585 161 780 216 nuonnorv.
818 160 894 215 ore.
915 168 938 215 a.
958 165 982 234 3.

177 324 264 390 lares
304 347 405 389 annos
441 324 678 408 possessionem
715 323 842 388 Siciliae
879 325 1039 389 tenebant.
1100 321 1193 409 Cepit
1228 324 1326 389 etiam

102 441 140 482 aaa
154 349 359 499 Namercum,
382 411 531 478 Italicum
555 415 677 498 ducem,
699 411 862 478 hominem
885 412 1074 478 bellicosum
1097 416 1130 476 et
1151 417 1326 500 potentem,

155 503 211 586 qui
234 507 389 585 tyrannos
413 503 558 567 adiutum
582 503 615 565 in
640 501 783 565 Siciliam
805 506 944 566 venerat.

244 592 273 655 3.
297 590 420 667 Quibus
443 593 539 656 rebus
563 591 716 655 confectis
740 612 812 654 cum
834 595 967 676 propter
986 590 1230 655 diuturnitatem
1250 591 1326 656 belli

155 689 219 744 non
252 680 356 744 solum
388 681 549 767 regiones,
581 681 637 744 sed
669 679 766 744 etiam
793 681 889 744 urbes
917 681 1058 745 desertas
1086 680 1222 765 videret,
1254 703 1326 744 con·

156 768 289 853 quisivit
312 791 393 854 quos
416 771 533 853 potuit,
556 770 696 854 primum
721 767 859 853 Siculos3
883 769 956 833 dein
981 768 1137 834 Corintho
1160 770 1327 835 arcessivit

119 875 136 922 a
155 857 295 944 colonos,
318 859 405 942 quod
428 858 468 923 ab
492 859 543 922 his
567 858 659 921 initio
684 857 860 940 Syracusae
883 863 975 922 erant
997 858 1154 929 conditae.¹
1195 857 1327 925 Civibus

154 947 316 1011 veteribus
351 970 409 1011 sua
441 948 598 1032 restituit,
635 946 727 1010 novis
759 946 844 1010 bello
876 947 1077 1012 vacuefactas
1107 948 1327 1032 possessiones

155 1035 278 1122 divisit,
308 1037 438 1100 urbium
465 1037 592 1100 moenia
620 1035 753 1100 disiecta
780 1035 917 1120 fanaque
944 1036 1069 1100 detecta
1097 1036 1220 1122 refecit,
1253 1037 1327 1101 civi·

155 1124 276 1188 tatibus
304 1125 392 1211 leges
414 1125 661 1209 libertatemque
684 1124 836 1209 reddidit3
864 1146 903 1190 ex
926 1125 1067 1189 maximo
1089 1123 1175 1189 bello
1198 1129 1326 1190 tantum

154 1214 257 1277 otium
285 1214 346 1278 toti
375 1214 498 1278 insulae
526 1213 722 1298 conciliavit,
749 1217 787 1277 ut
811 1212 864 1278 hic
886 1213 1034 1278 conditor
1056 1213 1185 1278 urbium
1208 1236 1327 1300 earum,

119 1316 219 1368 anon
247 1302 309 1388 illi,
342 1303 398 1387 qui
425 1302 519 1367 initio
548 1303 758 1388 deduxerant,
785 1302 954 1366 videretur.
1005 1301 1122 1367 Arcem
1150 1301 1327 1390 Syracusis,

155 1413 251 1475 quam
270 1391 430 1456 munierat
448 1391 625 1476 Dionysius
644 1392 682 1456 ad
702 1391 815 1458 urbem
834 1390 1051 1476 obsidendam,
1074 1391 1328 1456 afundamentis

154 1479 292 1565 disiecit3
316 1485 421 1545 cetera
443 1482 624 1565 tyrannidis
645 1480 888 1570 propugnacula
910 1480 1083 1545 demolitus
1105 1483 1155 1544 est
1177 1480 1328 1565 deditque

155 1590 298 1655 operam,
326 1574 364 1634 ut
391 1591 488 1654 quam
515 1570 646 1634 minime
674 1569 777 1634 multa
803 1569 941 1655 vestigia
963 1569 1129 1634 servitutis
1152 1574 1327 1634 manerent.

117 1655 236 1722 cllum
267 1658 367 1724 tantis
399 1663 484 1740 esset
515 1659 645 1744 opibus,
680 1662 719 1722 ut
749 1658 847 1722 etiam
878 1656 989 1722 invitis
1020 1658 1177 1743 imperare
1208 1663 1328 1745 posset,

154 1750 280 1811 tantum
308 1752 416 1812 autem
444 1768 586 1817 amorem
613 1746 747 1813 haberet
774 1747 918 1812 omnium
946 1744 1142 1832 Siculorum,
1173 1752 1211 1811 ut
1237 1747 1327 1813 nullo

153 1839 319 1900 recusante
342 1858 477 1923 regnum
500 1836 646 1900 obtinere
663 1839 783 1921 posset,
805 1835 921 1900 maluit
939 1857 972 1899 se
992 1835 1084 1922 diligi
1103 1857 1199 1919 quam
1217 1836 1327 1914 metui.
1346 1844 1349 1849 ’

152 1922 265 2009 ltaque
301 1947 374 1990 cum
409 1925 550 2011 primum
581 1924 698 2010 potuit,
723 1924 900 2010 imperium
932 1923 1082 2009 deposuit
1113 1946 1150 1989 ac
1180 1925 1327 2010 privatus

117 2011 333 2098 oSyracusis,
366 2015 452 2098 quod
484 2014 643 2098 reliquum
675 2013 760 2078 vitae
792 2012 869 2098 fuit,
900 2012 989 2077 vixit.
1040 2011 1153 2097 Neque
1185 2035 1261 2077 vero
1294 2015 1327 2079 id

152 2102 299 2187 imperite
323 2102 407 2167 fecit.
452 2101 538 2167 Nam
562 2103 650 2186 quod
672 2102 770 2167 ceteri
793 2123 827 2165 re
850 2123 884 2165 es
907 2101 1043 2187 imperio
1065 2105 1251 2188 potuerunt,
1273 2102 1328 2167 hic

153 2191 374 2256 benevolentia
401 2191 513 2256 tenuit.
559 2190 678 2259 Nullus
705 2191 809 2257 honos
828 2124 912 2255 linio
939 2190 1056 2275 defuit,
1082 2208 1185 2275 neque
1212 2195 1327 2277 postea

152 2301 202 2343 res
226 2279 292 2344 ulla
312 2278 478 2364 Syracusis
502 2285 594 2366 gesta
616 2284 665 2344 est
686 2279 825 2365 publice,
848 2278 887 2342 de
910 2300 976 2364 qua
991 2279 1082 2365 prius
1096 2279 1144 2345 sit
1162 2279 1326 2345 decretum

118 2383 250 2451 uquam
281 2368 493 2434 Timoleontis
531 2370 691 2433 sententia
722 2369 860 2455 cognita.
914 2367 1046 2433 Nullius
1078 2390 1221 2454 unquam
1253 2389 1327 2433 con-

151 2456 259 2521 silium
300 2480 364 2522 non
406 2460 501 2523 modo
543 2458 734 2543 antelatum,
770 2458 826 2522 sed
861 2477 902 2521 ne
938 2460 1161 2542 comparatum
1196 2457 1329 2542 quidem

150 2703 223 2756 noch
267 2704 366 2758 vorher
412 2703 459 2758 die
504 2719 592 2775 ganzo
637 2702 712 2757 Insal
768 2701 910 2772 ‘anlagen’
944 2701 983 2756 iet
1014 2704 1116 2786 geeagt
1141 2701 1195 2756 vvia
1223 2705 1326 2771 casua,

150 2773 281 2854 bescssen
308 2774 417 2830 hatten.
445 2807 479 2815 -
506 2775 634 2830 adiutam
662 2774 712 2828 Su·
765 2773 840 2828 viam
853 2773 974 2858 munire3
988 2771 1152 2871 Βιρημεξᾳε,
1167 2773 1323 2828 dertltere.

150 2862 347 2997 pnSlullllimol.
381 2916 495 2997 ervvirbt
526 2915 587 2970 sich
617 2915 711 2987 grosse
765 2844 1088 2983 h—altqqqqteeqdqlqlqre-r-
1105 2844 1326 2999 ciniciddssiadi

151 2986 317 3041 Verdrenste
334 3005 381 3040 um
396 2988 441 3043 dre
455 2987 648 3058 Nauordnung
662 2988 712 3042 der
767 2988 832 3042 ‘von
850 2933 954 3041 Grund
971 2987 1041 3040 ans'.
1061 3018 1095 3027 -
1114 3003 1195 3056 qaam
1214 3003 1326 3042 mansore

151 3057 345 3112 Verhtltnisse
376 3057 405 3111 in
434 3058 549 3113 Sicilien
577 3058 635 3112 und
662 3074 709 3128 ge·
765 3059 852 3117 mula
866 3082 900 3104 ε
915 3074 1000 3128 quam
1017 3055 1195 3128 paucissima.

150 3128 237 3182 nielst
258 3127 289 3190 in
307 3129 443 3199 Syrakus,
468 3147 512 3184 wo
536 3146 565 3184 er
589 3129 648 3184 sich
667 3129 710 3184 als
799 3136 824 3183 4.
845 3127 914 3184 Cum
932 3170 938 3183 .
956 3171 983 3182 ..
1003 3134 1081 3198 meet,
1104 3127 1325 3198 ltinrdumungs·

150 3199 331 3254 Privatmann
349 3199 522 3271 niaderlltlst,
542 3199 710 3271 allgemeino
764 3203 837 3269 sata3
861 3199 934 3254 auch
952 3206 1067 3272 ¹temtum
1082 3243 1087 3253 .
1104 3243 1108 3254 .
1126 3200 1255 3255 babent
1296 3213 1325 3253 e·

151 3272 291 3342 Achtung.
763 3271 829 3326 hort
842 3270 921 3325 daau.
937 3302 971 3310 —
985 3271 1089 3338 invitia
1107 3270 1192 3327 ntml.
1209 3216 1324 3338 Sicufm

188 3350 211 3396 1.
235 3343 357 3414 reqiones
379 3342 651 3397 ‘banderetrecken’.
675 3375 709 3383 -
760 3349 851 3466 gomet
881 3340 944 3396 hier
975 3341 1033 3395 und
1065 3340 1189 3396 naohher
1220 3340 1259 3395 im
1290 3339 1323 3394 D.

152 3413 186 3468 ab
204 3413 261 3483 llic,
279 3414 364 3468 ntml.
384 3413 543 3468 Corinthiis.
786 3413 916 3482 luequam
936 3411 955 3467 f.
992 3443 1023 3453 -
1061 3413 1139 3467 nullo
1175 3418 1324 3480 recusante,

187 3490 211 3539 2.
240 3503 274 3540 ex
300 3482 466 3540 bezeichnct
491 3484 553 3540 hier
580 3485 635 3539 den
658 3503 708 3539 un·
763 3483 895 3555 negative
913 3431 1069 3554 Baeticipia
1090 3482 1184 3557 laeaon
1203 3482 1325 3547 eich‚olt

151 3555 333 3610 mittelbarcn
369 3546 522 3627 llbergang
558 3573 609 3610 aus
646 3557 711 3610 dem
765 3556 854 3610 durch
872 3555 956 3610 ‘ohne
970 3554 1043 3608 dass’
1060 3553 1199 3609 aufldssn.
1219 3585 1249 3594 —
1263 3571 1325 3609 cum

152 3625 234 3681 einen
254 3627 284 3680 in
303 3627 353 3681 das
373 3627 489 3697 andare,
515 3627 711 3682 ‘unmittelba'r
761 3628 883 3696 primam
906 3625 1017 3681 ‘aobald
1035 3624 1098 3680 als’.
1118 3656 1152 3665 -
1261 3625 1324 3680 reli·

151 3697 244 3752 nach’.
268 3730 303 3738 -
325 3700 410 3754 otium
432 3698 472 3752 im
495 3697 653 3770 Gegensatz
677 3717 710 3752 zu
765 3716 848 3768 qutun
870 3698 943 3752 vitoe
962 3703 1033 3765 erat,
1055 3693 1108 3750 vvir
1126 3694 1172 3750 ein
1185 3695 1238 3750 ach
1258 3695 1325 3749 ‘den

152 3770 249 3824 bellum.
277 3767 362 3824 soviel
388 3769 442 3823 vie
468 3786 574 3840 paoem.
603 3802 638 3810 -
666 3771 709 3825 de·
764 3769 834 3824 Rest
853 3767 942 3823 seines
960 3766 1091 3822 Lebena’.

151 3842 288 3895 duxerant
315 3841 343 3894 ‘a
383 3840 460 3911 elegt
482 3841 601 3896 hatten’.
643 3840 710 3895 Dies
800 3848 824 3895 b.
845 3841 884 3894 Zu
908 3840 1003 3908 Neque
1024 3854 1086 3893 vero
1109 3837 1163 3908 vgl.
1186 3838 1219 3892 A.
1235 3837 1266 3891 Β.
1281 3843 1325 3892 20.

152 3911 202 3965 der
241 3912 359 3982 gewohn
372 3912 435 3966 rche
470 3912 619 3967 Ausdruclr
656 3929 710 3966 von
765 3943 797 3951 --
822 3928 903 3983 reyes
919 3909 973 3964 ‘als
995 3908 1168 3964 Herrsaher’.
1187 3941 1222 3949 -
1240 3925 1326 3978 aeque

152 3981 392 4054 derAusffihrung
401 3982 459 4038 und
469 3981 626 4054 Gntndung
635 3981 712 4037 einer
764 3983 837 4038 ullo:
860 3983 892 4036 A.
907 3982 938 4036 Β.
954 3987 983 4048 53
1007 3979 1110 4034 ebenso
1134 3986 1184 4046 §6
1208 3979 1328 4034 Nullius

151 4053 278 4108 Kolonia.
765 4070 894 4122 unquam.
910 4084 943 4093 —
958 4053 1092 4108 sententia
1105 4050 1222 4122 connita,
1237 4048 1326 4105 ablat.

187 4132 212 4180 3.
226 4142 316 4180 arcem
329 4125 483 4195 Syracusis,
498 4124 545 4180 ein
558 4124 589 4180 in
603 4125 711 4180 solcher
765 4122 853 4186 absole

151 4195 337 4266 Verbindnng
355 4195 475 4251 seltener
494 4195 643 4252 Gobrauch
661 4196 711 4250 des
801 4201 826 4249 6.
844 4212 901 4250 non
918 4194 1011 4261 modo,
1032 4194 1079 4249 sed
1096 4209 1130 4248 ae
1149 4236 1154 4247 .
1171 4234 1199 4246 ..
1219 4192 1328 4262 quidem

151 4265 313 4336 Ortscasus,
341 4270 413 4322 statt
441 4267 541 4323 descen
567 4285 634 4322 man
656 4267 711 4323 den
767 4265 858 4320 ‘nieht
884 4268 970 4335 etwa,
999 4264 1120 4319 sondem
1148 4263 1221 4318 auch
1247 4263 1325 4329 nur';

151 4337 269 4402 Genetiv
287 4341 425 4394 erwart-et.
446 4371 479 4380 -
499 4357 585 4396 arcem
605 4341 712 4394 munire
764 4344 965 4407 comparatum,
990 4335 1075 4390 ntml.
1100 4352 1164 4390 cum
1181 4333 1242 4390 eine
1261 4350 1327 4387 con·
