2850 4740
140 185 185 250 94
467 182 553 238 ιιι.
582 181 788 238 suasurus.
827 182 905 238 car.
926 189 950 238 1.
969 189 994 239 a.

141 348 212 412 fieri
234 369 300 412 non
321 346 452 412 licebat:
476 346 522 410 ito
539 350 676 430 utraque
694 367 789 410 suum
807 345 967 410 retinebat
984 345 1137 410 ordinem.
1175 344 1323 412 Primum

142 436 225 500 ratio
252 435 447 520 habebatur,
474 435 531 519 qui
557 435 717 499 maximus
745 438 825 498 natu
851 438 937 499 esset
963 456 1003 499 ex
1024 434 1136 499 liberis
1159 435 1242 521 eius,
1265 435 1322 520 qui

142 545 280 610 regnans
304 524 505 608 decessisset3
532 524 584 587 ein
607 523 635 588 is
657 522 784 587 virilem
806 544 919 588 sexum
941 545 1007 587 non
1030 523 1227 608 reliquisset,
1250 528 1321 592 tum

105 613 356 698 adeligebatur,
387 612 445 697 qui
470 612 638 698 proximus
665 614 750 676 esset
775 610 1025 697 propinquitate.
1074 612 1224 677 Mortuus
1251 615 1323 677 erat

88 729 128 770 sea
143 701 224 787 Agis
261 722 331 786 rex,
366 701 467 766 irater
502 700 655 787 Agesilai.
711 699 831 765 Filium
867 700 1043 785 reliquerat
1077 699 1322 786 Leotychidem

142 812 241 875 quem,
271 791 324 854 ille
355 793 469 855 natum
500 811 565 854 non
597 793 747 875 agnorat3
782 790 919 854 eundem
949 790 1091 855 moriens
1122 812 1217 855 suum
1251 810 1322 855 esse

142 880 275 943 dixerat.
319 876 353 942 ls
380 879 420 943 de
445 877 568 943 honore
596 878 687 964 regni
714 900 788 943 cum
809 875 977 964 Agesilao,
1003 881 1120 962 patruo
1147 899 1220 964 suo,
1247 899 1322 943 con-

107 968 247 1033 otendit
269 989 371 1052 neque
393 967 441 1052 id,
465 966 553 1052 quod
574 967 703 1052 petivit,
729 970 920 1032 consecutus
942 970 999 1031 est.
1043 965 1130 1032 Nam
1151 966 1321 1051 Lysandro

141 1056 353 1142 suffragante,
373 1054 517 1138 homine,
539 1059 577 1119 ut
599 1056 798 1121 ostendimus
821 1077 932 1141 supra,
954 1055 1090 1121 factioso
1112 1058 1145 1120 et
1166 1055 1219 1121 his
1241 1059 1321 1122 tem-

141 1144 275 1232 poribus
298 1148 438 1230 potente,
461 1144 633 1231 Agesilaus
656 1144 817 1209 antelatus
839 1149 896 1209 est.
1017 1187 1025 1204 .

232 1234 254 1298 2
302 1230 366 1298 Hic
397 1231 591 1318 simulatque
623 1233 751 1319 imperii
781 1234 907 1318 potitus
938 1237 1001 1317 est,
1031 1232 1193 1318 persuasit
1222 1232 1320 1298 Lace

104 1402 107 1408 Ι
142 1322 333 1408 daemoniis,
360 1326 399 1386 ut
425 1344 499 1387 cum
525 1322 668 1388 exercitu
697 1343 732 1387 se
754 1322 922 1387 mitterent
943 1322 977 1386 in
999 1319 1112 1386 Asiam
1134 1321 1320 1407 bellumque

142 1411 212 1500 regi
239 1412 394 1495 facerent,
421 1411 538 1476 docens
566 1412 668 1476 setius
691 1433 761 1476 esse
784 1411 818 1474 in
839 1409 920 1475 Asia
943 1433 1040 1496 quam
1062 1411 1097 1474 in
1118 1408 1252 1496 Europe
1274 1409 1321 1475 di-

141 1500 262 1565 micari.
315 1499 464 1585 Namque
495 1500 582 1564 fama
612 1499 735 1564 exierat
766 1499 967 1564 Artaxerxen
995 1520 1179 1585 comparare
1207 1498 1320 1565 classis

106 1589 363 1674 apedestrisque
404 1588 576 1674 exercitus,
617 1611 698 1674 quos
740 1589 774 1653 in
815 1586 982 1654 Graeciam
1022 1587 1174 1652 mitteret.
1233 1587 1320 1654 Data

88 1681 302 1762 estpotestate
333 1680 425 1742 tanta
456 1677 619 1759 eeleritate
650 1700 728 1742 usus
760 1681 823 1762 est,
854 1681 892 1741 ut
921 1677 1013 1762 prius
1043 1676 1078 1739 in
1103 1675 1217 1741 Asiam
1245 1699 1318 1742 cum

142 1767 244 1852 copiis
270 1766 465 1852 pervenerit,
492 1788 589 1852 quam
616 1766 695 1851 regii
720 1770 867 1852 satrapae
890 1787 964 1830 eum
986 1765 1106 1830 sonent
1127 1765 1318 1850 profectum.

142 1853 213 1932 Quio
245 1855 366 1919 factum
398 1859 461 1940 est,
492 1859 529 1919 ut
561 1855 666 1920 omnis
698 1854 874 1941 imparatos
906 1854 1187 1939 imprudentesque
1220 1855 1318 1922 offen-

104 1944 238 2009 sderet.
289 1943 328 2008 Id
354 1947 392 2007 ut
419 1944 571 2030 cognovit
598 1943 841 2029 Tissaphernes,
874 1943 930 2028 qui
956 1964 1118 2007 summum
1146 1942 1317 2028 imperium

140 2036 208 2096 tum
233 2032 317 2096 inter
338 2032 519 2117 praefectos
541 2031 682 2098 habebat
704 2032 824 2118 regios,
846 2031 988 2096 indutias
1011 2054 1031 2095 a
1052 2029 1179 2098 Lacone
1201 2031 1318 2117 petivit

140 2121 296 2185 simulans
330 2142 365 2185 se
401 2122 476 2187 dare
508 2143 653 2206 operam,
685 2125 723 2186 ut
748 2119 1009 2186 Lacedaemoniis
1040 2141 1113 2184 oum
1140 2141 1215 2206 rege
1243 2143 1318 2185 con-

139 2210 276 2295 veniret,
309 2231 342 2274 re
375 2214 483 2274 autem
515 2231 590 2275 vera
621 2210 662 2274 ad
693 2209 803 2295 copias
834 2208 1079 2295 comparandas3
1110 2229 1227 2293 easque
1258 2209 1317 2273 im-

103 2299 280 2384 apetravit
311 2297 491 2363 trimestris.
546 2297 670 2364 Iuravit
701 2302 809 2363 autem
839 2302 976 2384 uterque
1007 2319 1042 2363 se
1069 2297 1138 2361 sine
1166 2296 1240 2362 dolo
1269 2298 1316 2361 in-

141 2388 247 2451 dutias
279 2391 551 2453 conservaturum.
604 2385 644 2453 ln
676 2409 740 2473 qua
770 2387 919 2475 pactione
951 2408 1077 2451 summa
1103 2385 1167 2472 fide
1195 2386 1316 2451 mansit

139 2475 325 2562 Agesilaus3
357 2480 470 2542 contm
500 2499 538 2542 ea
569 2475 800 2564 Tissaphernes
832 2475 915 2540 nihil
945 2475 1034 2540 aliud
1065 2496 1162 2560 quam
1193 2474 1315 2542 bellum
1350 2526 1352 2533 ,

105 2584 121 2633 5
140 2565 346 2649 comparavit
391 2563 437 2630 Id
452 2566 513 2631 etsi
536 2565 695 2631 sentiebat
718 2564 814 2646 Laco,
835 2569 943 2629 tamen
966 2562 1188 2629 iusiurandum
1211 2585 1317 2636 serva·

139 2792 232 2847 Procli
246 2791 481 2863 etEurysthenis.
514 2793 550 2846 Es
564 2809 624 2847 war
638 2793 698 2848 also
752 2809 801 2847 vor
833 2790 939 2846 seinem
970 2790 1082 2862 Gegner
1110 2790 1313 2863 Tissaphernes

139 2863 219 2918 nicht
245 2863 370 2933 erlaubt,
397 2864 460 2917 dass
485 2863 532 2918 ein
557 2863 699 2918 Vertreter
753 2863 841 2917 durch
872 2865 966 2917 menes
993 2862 1159 2917 Festhalten
1192 2880 1238 2918 am
1264 2864 1314 2918 be·
1357 2902 1360 2907 «

140 2934 190 2988 der
208 2934 290 2989 einen
303 2933 384 2988 Linie
403 2934 458 2989 den
471 2934 566 2990 Thron
579 2934 697 3006 bestieg,
753 2935 932 2989 echworenen
950 2933 1073 3004 Vertrag
1091 2951 1149 2989 aus.

139 3022 170 3059 so
184 3005 269 3076 lange
282 3007 355 3060 noch
369 3004 415 3060 ein
430 3005 697 3077 berechtigterVer-
789 3011 813 3061 1.
828 3006 945 3075 impetit,
960 3004 1011 3058 das
1025 3003 1223 3059 Gewdhnliche
1236 3009 1312 3060 witra

139 3079 226 3130 treter
252 3077 303 3131 der
330 3077 437 3131 andern
459 3075 539 3131 Linie
567 3077 603 3130 da
630 3093 697 3132 war.
752 3076 803 3131 der
829 3076 893 3131 Abl.
922 3107 957 3117 —
984 3077 1054 3147 sepi,
1086 3076 1253 3130 Artaxerxes
1277 3076 1311 3131 II.

139 3147 245 3202 Betone
262 3165 343 3203 mma
357 3147 430 3202 ‘ihre
443 3146 467 3202 e'
490 3149 562 3202 ene'.
576 3179 612 3188 -
626 3149 698 3203 ratio
751 3147 883 3202 Mnemon
914 3148 1098 3217 (401-319);
1136 3148 1312 3203 Adsensere

138 3219 287 3274 hebetatae·
325 3218 431 3273 ‘warde
462 3166 618 3273 Iduoksicht
648 3234 698 3290 ge-
751 3216 855 3290 grieoh.
890 3219 989 3273 Aecus.
1026 3250 1061 3258 —
1096 3205 1173 3272 ther
1208 3219 1310 3287 chaom,

138 3290 278 3345 nommen’
308 3289 403 3359 (ntml.
436 3288 496 3346 eius
525 3289 589 3343 ‘auf
609 3290 697 3361 den’),
748 3291 881 3359 pedestris
896 3289 955 3344 und
970 3289 1073 3344 andere
1086 3289 1204 3346 Formen
1218 3288 1313 3343 dieser

175 3362 198 3415 i:
217 3360 264 3414 die
277 3359 468 3415 Relativsittze
481 3360 629 3415 euthalten
642 3361 697 3415 den
750 3361 816 3431 Art,
839 3360 885 3415 die
908 3359 948 3415 im
966 3360 1006 3415 Fo
1038 3361 1129 3416 endon
1151 3360 1238 3414 bitere
1262 3359 1311 3414 be·

200 3431 293 3486 anhen
312 3432 361 3486 des
376 3430 515 3500 Gesetzes,
534 3432 634 3486 darum
647 3433 698 3487 der
751 3448 873 3503 gegaros,
896 3432 951 3503 vgl.
970 3433 1003 3488 A.
1043 3430 1103 3486 .1⁸>.
1123 3463 1156 3472 —
1176 3448 1243 3502 quos
1257 3473 1263 3486 .
1279 3473 1309 3487 ..

136 3501 319 3571 Konjunktiv.
750 3505 866 3559 mitteret
882 3502 1089 3558 Absichtssatz:
1108 3502 1141 3556 A.
1156 3502 1188 3556 B.
1204 3509 1246 3558 11.

172 3581 198 3628 4.
230 3580 327 3629 actum
360 3573 419 3627 ‘bei
445 3572 537 3628 seiner
564 3571 697 3639 Geburt'3
786 3579 812 3629 1.
826 3581 957 3644 potestate
977 3573 1169 3628 ‘Vollmecht'.
1189 3605 1223 3614 -
1241 3590 1310 3630 usus

138 3651 350 3770 cru
377 3642 697 3770 1111111
750 3645 900 3786 111
1171 3688 1177 3699 ·
1274 3662 1309 3698 1

137 3732 399 3842 ,ξιῇονίωιεῃίιαιιί
412 3733 695 3869 didmvhterliebette’i
749 3789 841 3843 doctas
859 3735 1103 3856 *ιιίοέξιιὴιιθιιῴ
1121 3732 1308 3858 ing-editt
1360 3796 1363 3801 '

138 3890 172 3900 —
189 3875 275 3927 ncqtte
294 3858 490 3913 ‘abern1cht’.
785 3864 810 3912 3.
841 3859 891 3927 Id,
928 3858 975 3912 die
1007 3845 1225 3939 llberraschung
1258 3857 1310 3911 der

138 3936 198 4054 ci·
217 3923 696 4082 suavssumam
747 3928 1308 4077 saturatur-&tuosius

137 4071 195 4125 und
260 4071 396 4126 erwinder
412 4071 520 4126 Athene
542 4088 582 4125 nn
601 4070 693 4142 pelop.
748 4104 783 4113 -
806 4075 930 4128 conuenit
951 4070 1109 4141 unpersdnl.
1135 4072 1176 4124 ‘es
1198 4070 1307 4125 hormut

136 4142 249 4214 Kriege,
267 4143 354 4197 heilst
372 4142 444 4197 auch
463 4142 500 4197 da
518 4144 657 4210 tumtum
748 4143 810 4199 eine
837 4131 1044 4198 llbereinlrunft
1075 4142 1210 4196 austande
1242 4141 1307 4195 awi-

172 4215 202 4271 2.
221 4214 302 4268 Nach
324 4214 415 4268 seiner
432 4212 614 4269 Thronbests‘
656 4233 695 4285 ng
749 4215 907 4271 schen...’.
923 4247 958 4256 -
971 4211 1305 4269 reuero‘thatstchlich’.

138 4284 256 4340 eroffnet
286 4286 370 4411 Apes.
402 4284 491 4340 sofort
522 4286 577 4340 den
606 4231 695 4410 {inoff
783 4292 808 4341 4.
832 4293 928 4342 contra
947 4303 980 4340 ec
997 4285 1066 4339 Λᾶν,
1085 4315 1120 4326 ·-
1137 4284 1210 4339 adsit
1227 4283 1308 4339 atiud

137 4372 229 4427 gegen
247 4354 293 4410 die
330 4373 406 4412 erser
420 4356 620 4412 undaeichnet
633 4356 674 4411 sic
748 4375 830 4428 quam
851 4357 898 4413 fur
920 4356 992 4412 nebit
1013 4357 1094 4412 aliud
1116 4353 1188 4427 egit,
1215 4370 1307 4425 quam.
