2850 4740
458 197 530 252 xlv.
559 196 738 254 DATAMES.
776 197 852 253 ΟΔΡ.
872 202 897 253 8.
916 203 941 253 9.
1244 199 1286 264 '19

113 353 294 427 mentorum
316 357 348 424 X
369 358 474 445 miha,
500 358 747 447 Paphlagbnum
765 359 796 425 V
818 358 922 446 milia,
937 359 1112 447 &Phrygum
1134 359 1164 425 X
1187 360 1286 447 milia,

113 448 278 533 Lydorum
296 445 328 512 V
349 447 453 532 milia,
479 446 718 534 Aspendiorum
745 453 778 513 et
799 447 982 513 Pisidarum
1007 448 1134 514 circiter
1156 447 1206 514 111
1229 449 1286 512 mi-

114 537 168 622 lia,
191 535 329 602 Cilicum
350 533 393 621 11,
416 534 646 621 Captianorum
669 535 814 622 totidem,
836 557 876 600 ex
899 534 1033 602 Graecia
1055 535 1286 602 conductorum

114 623 173 712 III,
194 624 276 690 levis
298 629 479 690 armaturae
501 624 680 696 maximum,
700 645 877 690 numerum
918 623 988 690 Has
1006 624 1159 690 adversus
1177 624 1286 710 copias
1305 642 1321 690 e

115 735 192 800 spes
215 712 321 779 omnis
348 712 544 778 consistebat
566 712 697 777 Datami
724 713 758 776 in
786 734 819 777 se
844 712 970 797 locique
993 717 1122 778 natura:
1148 733 1286 797 namque

116 801 213 867 huius
237 804 364 887 partem
386 822 451 865 non
474 799 614 865 habebat
635 800 821 866 vicesimam
842 800 993 866 militum.
1039 800 1163 879 Quibus
1185 801 1287 866 fretus

115 889 262 957 conflixit
283 888 601 973 adversariumque
623 888 726 953 multa
748 888 839 954 milia
860 889 1009 975 concidit,
1031 911 1105 955 cum
1127 889 1166 954 de
1184 889 1287 975 ipsius
1368 935 1370 941 -

116 978 258 1044 exercitu
280 998 345 1042 non
369 975 508 1061 amplius
530 975 698 1041 hominum
720 977 810 1042 mille
833 977 1013 1064 cecidisset3
1036 1000 1133 1063 quam
1155 977 1197 1042 ob
1216 998 1286 1042 eau-

116 1088 186 1132 sam
212 1068 342 1154 postero
372 1065 423 1129 die
450 1069 618 1151 tropaeum
644 1066 768 1151 posuit,
795 1088 859 1150 quo
885 1065 957 1131 loco
981 1065 1085 1153 pridie
1107 1069 1287 1168 pugnatum

116 1160 193 1220 erat.
252 1151 341 1218 Hinc
375 1174 448 1217 oum
480 1157 585 1218 castra
615 1153 771 1218 movisset
801 1175 988 1239 semperque
1021 1154 1155 1220 infenor
1185 1153 1324 1239 copiisr

115 1241 263 1329 superior
294 1241 445 1307 omnibus
471 1240 604 1326 proeliis
631 1241 820 1326 discederet,
852 1243 939 1328 quod
965 1263 1130 1327 nunquam
1156 1263 1288 1306 manum

30 1325 33 1332 ’
117 1333 312 1414 consereret,
342 1329 406 1394 nisi
434 1350 507 1395 cum
535 1330 735 1395 adversarios
761 1330 906 1396 locorum
933 1330 1092 1416 angustiis
1120 1328 1289 1394 clausisset

116 1417 219 1573 qquod
249 1418 354 1504 perito
387 1417 555 1503 regionum
587 1417 763 1503 callideque
793 1417 950 1504 cogitanti
980 1439 1075 1504 saepe
1102 1415 1289 1504 accidebat),
1315 1415 1317 1419 ’

148 1505 388 1592 utophrodates,
410 1526 484 1570 cum
506 1505 628 1570 bellum
651 1507 724 1571 duci
746 1507 868 1572 maiore
886 1506 971 1593 regis
990 1505 1173 1571 calamitate
1192 1522 1324 1589 quomo
1348 1517 1349 1520 ’

117 1593 373 1662 adversariorum
404 1593 541 1679 videret,
572 1616 684 1682 pacem
716 1594 954 1678 amicitiamque
981 1593 1130 1659 hortatus
1158 1599 1220 1676 est,
1251 1598 1289 1657 ut
1324 1621 1327 1626 ’

117 1704 192 1748 cum
219 1703 293 1769 rege
320 1681 354 1749 in
381 1680 520 1767 gratiam
547 1682 673 1748 rediret.
719 1681 822 1759 Quam
848 1681 903 1746 ifle
928 1683 990 1747 etsi
1012 1669 1110 1746 {idam
1132 1704 1198 1746 non
1220 1682 1324 1748 fores

116 1770 267 1858 putabat,
293 1773 401 1834 tamen
428 1769 648 1835 condicionem
675 1771 798 1856 occepit
824 1791 921 1856 seque
949 1770 989 1834 ad
1011 1769 1224 1835 Artaxerxem
1245 1768 1288 1834 le·

118 1864 213 1946 gatos
235 1858 410 1924 missurum
429 1857 518 1922 dixit.
557 1857 610 1923 Sic
627 1858 758 1944 bellum,
781 1858 868 1943 quod
885 1879 942 1924 rex
960 1859 1111 1925 adversus
1129 1859 1288 1923 Datamen
1329 1874 1331 1878 ·

118 1950 310 2033 susceperat,
328 1945 474 2011 sedatum
492 1952 550 2011 est.
587 1946 850 2034 Autophrodates
868 1947 902 2011 in
914 1946 1090 2032 Phrygiam
1109 1968 1143 2012 se
1160 1946 1288 2031 recepit.

207 2036 236 2100 9.
264 2033 310 2099 At
337 2056 406 2119 rex,
434 2034 521 2118 quod
547 2033 750 2120 implacabile
773 2036 883 2101 odium
907 2035 941 2099 in
963 2034 1122 2100 Datamen
1144 2056 1290 2120 suscepe-

119 2128 183 2209 rat,
209 2127 383 2208 postquam
404 2121 490 2187 bello
512 2143 587 2187 eum
610 2123 748 2209 opprimi
772 2146 837 2189 non
859 2145 954 2208 posse
977 2123 1217 2209 animadvertit,
1243 2122 1288 2187 in-

118 2211 210 2276 sidiis
237 2209 416 2275 interficere
442 2210 581 2296 studuit,
612 2232 692 2295 quas
720 2211 774 2276 ille
801 2212 970 2297 plerasque
998 2212 1138 2276 evitavit.
1189 2209 1324 2296 Sioutc

119 2321 192 2364 cum
219 2298 248 2363 ei
270 2298 454 2362 nuntiatum
478 2302 563 2362 esset
584 2299 741 2382 quosdam
764 2300 827 2385 sibi
850 2299 1009 2386 insidiari,
1037 2300 1093 2384 qui
1116 2301 1149 2364 in
1173 2299 1290 2363 amico·

119 2410 192 2452 rum
219 2390 310 2452 erant
335 2407 468 2450 numero
492 2385 545 2472 (de
568 2387 686 2471 quibus
709 2387 796 2472 quod
818 2388 941 2454 inimici
965 2388 1159 2469 detulerant,
1187 2408 1289 2472 neque

119 2474 311 2540 credendum
334 2495 436 2558 neque
459 2474 693 2560 neglegendum
712 2474 866 2562 putavit),
888 2476 1025 2561 experiri
1044 2477 1156 2560 voluit,
1178 2495 1289 2546 verum

119 2563 277 2628 falsumne
305 2562 366 2626 sibi
394 2564 479 2626 esset
505 2563 650 2627 relatum.
691 2562 805 2649 Itaque
832 2586 869 2629 eo
892 2565 1056 2649 profectus
1079 2569 1141 2647 est,
1168 2564 1201 2627 in
1225 2581 1324 2647 quoe

119 2652 234 2716 itinere
264 2651 391 2715 futuras
421 2649 555 2715 insidias
583 2651 737 2717 dixerant.
788 2650 850 2717 Sed
877 2652 975 2738 elegit
1002 2673 1134 2737 corpore
1161 2674 1198 2716 ae
1225 2656 1304 2715 sta.

120 2746 194 2804 tura
220 2738 422 2804 simillimum
445 2738 495 2802 sui
518 2738 611 2823 eique
633 2740 787 2805 vestitum
809 2751 904 2804 suum
927 2739 1015 2804 dedit
1037 2745 1133 2825 atque
1156 2761 1193 2804 eo
1216 2739 1288 2803 loco

120 2829 180 2914 ire,
205 2849 268 2912 quo
292 2826 360 2911 ipse
384 2831 564 2911 consuerat,
592 2829 695 2894 iussit.
740 2826 814 2913 Ipse
836 2831 944 2892 autem
968 2832 1083 2892 ornatu
1107 2827 1288 2911 vestituque

157 3000 676 3068 a.1(0nsn.:vioesimomparummu-
731 3017 871 3070 -pucem
888 3002 1089 3070 amicitiamque
1107 3001 1229 3056 hortatus
1243 3005 1289 3068 cst,

121 3079 179 3126 tum
206 3072 301 3139 bauo,
332 3070 418 3124 nami,
445 3069 676 3140 Autophrodutis.
732 3071 839 3125 seltene
852 3069 1066 3140 Konstruktion,
1086 3070 1152 3124 ‘riet
1165 3088 1200 3124 au
1215 3113 1221 3124 .
1238 3112 1243 3124 .
1260 3071 1287 3124 .'.

121 3141 282 3212 -Qaebue,
300 3140 386 3195 ndml.
404 3156 432 3196 se
450 3142 676 3210 uenarum.
767 3149 791 3196 6.
825 3141 927 3211 Quom
962 3141 1047 3195 ntml.
1079 3142 1210 3212 ρταΐίαπι,
1243 3139 1290 3194 die

120 3245 156 3255 -
168 3229 226 3266 nort
242 3213 362 3281 amplius
379 3212 518 3265 bominum
536 3212 608 3266 mue
626 3211 679 3265 mit
734 3212 927 3282 Aussohnung.
955 3221 961 3232 '

122 3284 171 3337 der
189 3281 219 3336 in
238 3280 343 3336 diesem
361 3281 440 3336 Falla
458 3281 591 3336 flbliohen
606 3282 676 3336 Aus-
768 3281 796 3339 θ.
815 3282 880 3336 Dat.
904 3281 1034 3336 vereitelt
1054 3282 1136 3336 einen
1158 3279 1198 3334 im
1221 3279 1289 3333 Auf-
1408 3341 1412 3352 Ι

121 3353 237 3422 lasaung
254 3368 309 3406 von
326 3369 423 3421 quam;
441 3353 515 3406 mille
532 3351 571 3406 ist
607 3368 677 3426 egen
733 3360 813 3424 trago
832 3354 880 3407 des
895 3353 1002 3423 Konigs
1016 3368 1107 3423 gegen
1121 3351 1181 3405 sein
1195 3350 1290 3405 beben

122 3423 167 3477 die
185 3422 371 3477 Gewohnheit
393 3371 611 3477 substantiviseh
629 3439 676 3493 ge
731 3428 979 3478 nntemommenen
998 3422 1104 3477 Ansohl
1144 3466 1149 3476 .

120 3493 249 3561 braueht,
262 3492 390 3563 wiesieh
399 3493 472 3546 auch
481 3508 532 3547 aus
541 3493 691 3548 cecidisset
767 3500 791 3548 1.
818 3495 972 3564 plerosque,
999 3492 1039 3547 im
1060 3492 1122 3548 Deu
1150 3490 1221 3546 chen
1244 3490 1290 3544 ein

122 3563 347 3634 ergiebt.-qoo
361 3564 465 3618 locost.
481 3563 598 3631 soloce,
631 3580 676 3618 uo.
731 3564 908 3621 Adverbium.

157 3640 182 3688 4.
205 3640 296 3689 cosm
317 3650 432 3702 owocre,
459 3650 512 3687 von
535 3634 599 3688 dem
641 3634 677 3688 ia-
767 3642 792 3690 2.
817 3635 896 3690 Siout
923 3635 970 3689 ‘So
999 3651 1061 3688 aum
1088 3632 1231 3703 Beispiel’.
1256 3663 1290 3672 -

120 3704 237 3775 heriger
258 3703 677 3784 Lagerplateo“aufbreeheu'.
732 3707 851 3775 inimici,
892 3705 977 3760 naml.
1019 3704 1132 3758 illomm
1184 3702 1290 3756 welche

122 3807 156 3816 -
184 3776 300 3843 infer-ior
325 3774 387 3829 hier
416 3773 613 3842 ‘sohwtoher';
640 3774 679 3828 im
733 3775 875 3831 vielleieht
915 3793 968 3829 nur
1005 3746 1217 3829 verleumdeten.
1256 3804 1290 3813 -

35 3890 37 3896 .
122 3845 155 3900 D.
179 3845 245 3915 stige
269 3843 422 3915 ‘obgleioh'
443 3843 535 3899 hinnu.
554 3876 589 3886 -
607 3846 680 3914 qtccd
732 3865 825 3901 oerum
839 3848 976 3914 solumne
990 3873 1024 3892 α
1039 3847 1132 3899 utrum
1146 3860 1239 3897 verum
1254 3860 1290 3897 an

122 3933 264 3985 mmqaom
294 3931 408 3969 monum
435 3922 594 3982 muneret,
626 3913 680 3968 Ge·
733 3917 843 3971 falsum.

123 3987 216 4042 danie
261 3986 310 4042 des
349 3985 490 4053 Datames,
534 3985 610 4038 ‘weil
650 4001 681 4038 er
769 3994 793 4044 3,
813 4003 842 4045 eo
863 4028 927 4053 ...,
945 3988 977 4040 in
1011 4004 1047 4040 uo
1066 3987 1162 4040 itinere
1184 3983 1291 4049 ‘dahim

123 4057 239 4124 (seiuem
261 4055 348 4110 Plane
375 4055 495 4140 gemala)
521 4055 568 4110 nie
590 4056 680 4109 hand·
735 4058 786 4112 auf
813 4057 948 4111 walchem
1012 4057 1090 4126 ege’,
1122 4054 1208 4109 seriel
1240 4053 1291 4107 wie

123 4126 234 4197 gemein
250 4128 366 4181 wurde’.
381 4158 417 4167 —
430 4127 487 4181 oio
500 4143 562 4181 uem
576 4126 681 4181 ‘ausser
736 4127 846 4196 ‘schlug
864 4144 894 4182 er
913 4127 968 4180 den
985 4126 1038 4180 We
1076 4125 1135 4194 ein,
1159 4124 1211 4178 auf
1226 4123 1291 4178 wel-

122 4199 224 4252 wenn’.
243 4229 277 4237 -
296 4199 416 4253 locor-tem
433 4199 570 4267 omeliis
583 4223 617 4242 =
632 4213 680 4250 an-
734 4198 814 4251 ehem
830 4199 892 4252 ,..’.
913 4229 945 4237 —
964 4199 1029 4251 sim'
1049 4197 1135 4251 imum
1156 4197 1202 4250 oui
1220 4194 1290 4249 wird

124 4267 216 4338 mustis
233 4267 311 4322 loeis.
735 4268 815 4322 imi).
825 4268 1009 4323 Relativsata‘
1021 4267 1110 4334 einen,
1123 4267 1187 4319 der.
1201 4267 1245 4317 ..'.
1257 4296 1291 4305 -

159 4347 181 4393 5.
206 4340 283 4405 duct,
312 4337 372 4393 also
399 4337 480 4393 nieht
506 4337 579 4392 blois
606 4335 679 4407 gerit
734 4355 764 4393 eo
787 4339 855 4413 loco,
878 4336 962 4392 noml.
988 4336 1117 4408 agminis.
1136 4367 1170 4376 -
1191 4343 1292 4390 crocco
