2850 4740
507 217 539 272 V.
570 215 692 272 CIMON.
731 215 806 270 CAP.
826 221 850 270 3.
870 222 895 269 4.
1244 212 1287 277 35

117 377 231 479 incidit
253 375 287 442 in
310 379 443 444 eandem
467 379 636 464 invidiam,
664 399 760 462 quam
786 380 878 462 pater
906 398 982 479 supe
1010 375 1170 460 ceterique
1191 373 1291 440 Athe·

117 464 1290 636 ttttttttttttlhtbtteltlttltiltetttt
1303 489 1342 616 ‘2⁶¹

116 642 224 726 ipsum
242 643 409 727 paenituit.
440 642 526 708 Nam
544 664 618 707 cum
635 641 691 707 ille
709 641 817 706 animo
835 641 913 706 forti
931 640 1071 706 invidiae
1089 640 1291 726 ingratorum
1326 723 1328 727 ¹

118 729 236 794 civium
264 730 421 816 cessisset,
448 731 632 814 bellumque
659 729 903 796 Lacedaemonii
929 727 1183 795 Atheniensibus
1211 728 1289 793 indi·

116 818 252 904 xissent,
284 819 453 884 confestim
485 823 580 884 notae
612 819 680 884 eius
707 819 838 883 virtutis
865 817 1057 884 desiderium
1084 820 1291 883 consecutum

117 910 172 970 est.
227 905 341 991 Itaque
377 911 452 992 poet
487 929 606 972 annum
638 907 801 992 quintum,
834 928 931 990 quam
962 906 1115 991 expulsus
1146 909 1224 992 erat,
1255 906 1324 970 ina

115 995 253 1078 patriam
281 999 447 1061 revocatus
474 1000 531 1060 est.
580 993 653 1080 llle,
681 995 767 1079 quod
793 995 936 1080 hospitio
965 994 1289 1060 Lacedaemoniorum
1302 1017 1342 1059 rer

115 1082 275 1168 utebatur,
293 1084 395 1148 satius
414 1084 602 1149 existimans
621 1084 800 1169 concedere,
815 1082 1085 1148 Lacedaemonem
1104 1104 1162 1147 sua
1176 1086 1289 1167 sponte

115 1174 165 1235 est
186 1172 349 1255 profectus
372 1193 546 1256 pacemque
568 1173 652 1236 inter
674 1172 753 1236 duas
776 1171 1018 1257 potentissimas
1042 1171 1189 1236 civitates
1216 1193 1289 1237 oon-

115 1258 245 1323 ciliavit.
286 1259 374 1344 Post,
397 1282 499 1344 neque
522 1260 568 1324 ita
589 1260 703 1345 multo,
722 1258 864 1344 Cyprum
888 1280 961 1324 cum
984 1260 1130 1325 ducentis
1152 1260 1288 1325 navibus
1306 1273 1323 1325 4
1383 1260 1386 1265 ’

115 1346 290 1432 imperator
311 1348 440 1450 missus,
462 1370 535 1412 cum
558 1349 627 1413 eius
648 1349 804 1413 maiorem
824 1352 950 1433 partem
968 1347 1091 1412 insulae
1111 1348 1288 1434 devicisset,

115 1435 148 1499 in
171 1435 321 1500 morbum
344 1435 521 1521 imphcitus
544 1436 578 1500 in
601 1437 719 1521 oppido
744 1435 829 1502 (litio
852 1440 902 1501 est
924 1440 1079 1501 mortuus.
1301 1458 1341 1499 uu

203 1525 232 1588 4.
260 1522 357 1588 Hunc
382 1522 596 1590 Athenienses
623 1546 688 1590 non
719 1524 823 1589 solum
850 1525 884 1589 in
912 1524 1011 1610 bello,
1039 1524 1095 1589 sed
1125 1523 1222 1590 etiam
1254 1526 1288 1590 in
1334 1582 1335 1585 ,

114 1633 191 1696 pace
224 1612 278 1677 diu
311 1612 577 1678 desideraverunt.
627 1612 704 1677 Fuit
737 1613 822 1678 enim
855 1616 946 1678 tanta
975 1611 1183 1699 liberalitate,
1215 1633 1288 1678 cum

115 1699 336 1785 compluribus
362 1699 443 1766 locis
470 1701 601 1786 praedia
626 1701 803 1786 hortosque
825 1700 970 1786 haberet,
999 1703 1037 1765 ut
1063 1721 1227 1786 nunquam
1254 1702 1288 1766 in

114 1787 165 1857 iis
191 1788 355 1854 custodem
391 1789 536 1874 posuerit
550 1801 553 1808 '
567 1789 692 1854 fructus
725 1789 873 1855 servandi
905 1789 1022 1875 gratia,
1053 1811 1094 1854 ne
1125 1789 1199 1874 quis
1230 1791 1288 1854 im-

113 1876 285 1962 pediretur,
309 1899 373 1962 quo
391 1878 498 1943 minus
517 1878 562 1943 eie
581 1878 687 1962 rebus,
706 1877 822 1963 quibus
841 1877 978 1963 quisque
995 1877 1101 1962 vellet,
1118 1877 1286 1943 frueretur.

114 1963 246 2050 Semper
272 1988 346 2030 eum
372 1966 539 2052 pedisequi
566 1989 639 2032 cum
666 1966 807 2031 nummis
837 1970 913 2031 aunt
940 1966 1055 2051 secuti,
1080 1970 1131 2051 ut,
1159 1965 1187 2030 si
1214 1966 1321 2052 quiea

114 2054 185 2138 opis
213 2054 281 2120 eius
308 2054 468 2140 indigeret
506 2054 653 2140 haberet,
681 2055 768 2141 quod
790 2054 901 2120 statim
924 2055 1027 2140 daret,
1050 2076 1090 2119 ne
1113 2051 1287 2120 differendo
1391 2077 1393 2085 ‘

113 2142 422 2229 videreturnegare.
465 2105 575 2228 daepe,
598 2165 670 2208 cum
693 2143 833 2229 aliquem
856 2143 1014 2208 offensum
1036 2143 1184 2208 fortunae
1202 2143 1287 2208 vide·

114 2234 163 2295 ret
185 2231 292 2296 minus
319 2230 400 2296 bene
427 2231 595 2318 vestitum,
622 2253 716 2297 suum
742 2230 916 2296 amiculum
945 2230 1040 2295 dedit.
1087 2230 1213 2295 Cotidie
1239 2231 1321 2296 sicss

113 2339 190 2383 cena
213 2319 242 2384 ei
265 2319 471 2405 coquebatur,
493 2323 539 2404 ut,
563 2341 643 2406 quos
665 2320 832 2386 invocatos
855 2319 989 2384 vidisset
1011 2319 1045 2383 in
1068 2319 1152 2404 foro,
1175 2340 1286 2385 omnes

45 2544 47 2550 ’
113 2528 195 2598 ‘ganz
215 2527 486 2583 ausserordentlioh'.
504 2560 541 2569 —
558 2530 590 2582 ta
606 2545 669 2583 eoa·
725 2529 804 2596 Citio,
822 2526 958 2597 richtiger
976 2527 1023 2581 bei
1043 2527 1092 2581 der
1105 2526 1285 2600 Belagenmg

111 2599 171 2653 den
189 2599 338 2670 (‘ebenso’)
356 2600 500 2666 inuidiam,
529 2598 570 2669 in)
589 2616 671 2668 qoam
723 2616 777 2654 von
796 2597 906 2653 Citium.
1355 2634 1358 2639 -

111 2668 302 2739 (inciderant):
319 2668 517 2724 man-beeohul
539 2668 598 2740 ‘gte
611 2668 669 2737 ihn,
759 2667 788 2723 4.
821 2669 877 2722 Fur
908 2667 954 2722 dio
981 2667 1107 2740 ¹Athener
1133 2668 1284 2725 bedentete

112 2739 201 2794 araci
223 2739 269 2794 ein
288 2739 399 2811 Gegner
421 2739 471 2794 der
487 2739 670 2795 Demolrratie
724 2737 998 2794 CimoneTodeinen
1010 2738 1151 2794 schweren
1160 2739 1283 2810 Vadunt,

111 2809 169 2864 und
191 2809 270 2865 halte
293 2827 323 2866 aa
341 2809 394 2864 mit
412 2810 521 2881 Sparta.
541 2842 576 2850 -
594 2798 670 2864 liber
723 2809 873 2865 besondera
893 2809 965 2863 auch
983 2825 1081 2879 wegen
1105 2808 1196 2865 eainer
1217 2810 1283 2865 frei-

110 2897 189 3005 aruelq,
206 2881 274 3005 hadr
288 2882 337 3006 th(³11
339 2881 381 3006 ‚1¹3.
407 2886 443 2936 1⁰.
472 2912 505 2922 -
531 2882 670 2950 atnepos
722 2879 845 2951 gebigen
877 2878 1041 2951 Geeinnung
1072 2895 1164 2951 gagen
1189 2881 1283 2951 jeder·

109 2968 170 3076 mol.
256 2968 421 3078 iddt‘ward
434 3020 602 3090 leid’3denn
615 3039 669 3074 nur
722 2967 858 3076 melpum
875 3020 1023 3092 Folgeaatu
1041 3020 1148 3076 mitat
1169 3021 1208 3076 ist
1231 3040 1281 3077 un-

109 3092 156 3146 bei
195 3109 230 3148 en
251 3092 407 3160 Athonem,
429 3090 508 3147 nicht
531 3091 599 3147 aber
621 3091 668 3146 bei
721 3091 867 3147 mittelbar
898 3108 935 3145 an
966 3091 1022 3146 den
1048 3091 1205 3162 Hauptaatz
1232 3110 1281 3148 an-

110 3162 207 3218 Oimon
237 3162 315 3217 kann
345 3161 407 3217 hier
432 3179 485 3217 von
512 3162 589 3217 Rene
622 3162 668 3217 die
721 3161 919 3231 zusohlieseen‚
939 3161 1074 3217 wahrend
1097 3162 1147 3217 der
1169 3163 1280 3218 Neben-

108 3233 187 3288 Rode
214 3232 282 3288 sein.
301 3264 335 3274 -
359 3234 468 3288 bellom:
496 3248 526 3286 ee
553 3232 591 3287 iat
618 3232 668 3288 der
722 3237 782 3288 eatz
813 3232 866 3287 mit
896 3249 958 3287 mon
988 3232 1019 3286 in
1051 3232 1105 3288 den
1132 3234 1279 3304 Folgesatz

109 3303 208 3373 Krieg,
223 3303 278 3358 den
296 3303 343 3357 die
361 3303 486 3358 Athener
503 3308 555 3357 457
576 3320 667 3373 gagen
721 3303 924 3375 eingeflochten
964 3302 1041 3357 wird.
1088 3335 1122 3345 -
1170 3305 1210 3360 Zu
1246 3324 1280 3360 aa

108 3374 211 3444 Sparta
228 3374 286 3428 und
303 3373 423 3429 Bdotian
441 3373 589 3444 begannen
607 3374 666 3427 und
711 3378 713 3382 ‘
737 3377 782 3430 uis
802 3374 858 3444 agl.
878 3374 910 3427 A.
925 3374 957 3430 Β,
974 3379 999 3428 b.
1019 3406 1053 3415 -
1072 3375 1182 3446 quobus,
1200 3381 1279 3430 ntim-

108 3445 158 3499 der
175 3444 262 3499 ihnen
273 3444 347 3499 noch
360 3443 391 3498 in
406 3442 666 3499 demselbeniahre
720 3392 778 3499 leh
795 3444 858 3498 frui
1154 3443 1157 3450 '

108 3514 154 3570 die
189 3513 359 3586 Niederlage
394 3514 442 3570 bei
473 3513 605 3586 Tanagra
635 3514 666 3568 in
756 3521 780 3570 2.
799 3515 914 3583 habaet
937 3515 1009 3584 qood
1027 3516 1104 3571 daret
1123 3517 1221 3571 ‘etwas
1245 3535 1278 3572 au

104 3584 225 3641 Bootien
245 3584 364 3657 einnug.
384 3613 421 3632 —e
437 3593 606 3642 consessum
628 3592 667 3641 est
741 3586 812 3640 eben
828 3585 929 3640 hatte’.
944 3617 977 3625 --
992 3602 1053 3641 eron
1073 3587 1185 3656 ‘wenn’,
1205 3606 1225 3642 a.
1244 3607 1278 3642 zu

107 3655 212 3711 ‘stellte
230 3655 291 3711 sich
309 3655 375 3712 ein'.
720 3605 772 3711 ll]
787 3661 815 3725 1,
830 3661 854 3710 3.
878 3663 919 3736 —'-·
936 3657 1067 3724 eisarnam
1085 3659 1129 3727 (=
1148 3657 1278 3729 invisum)

142 3732 166 3781 3.
181 3734 245 3796 poet
259 3744 368 3801 ,amma
390 3728 517 3797 quietam
538 3744 665 3798 qoum=
719 3728 856 3796 fortemne,
871 3726 898 3780 d.
912 3744 930 3781 1.
946 3727 1010 3781 dem
1023 3726 1133 3782 Gldohe
1146 3728 1276 3798 verhalst,

108 3813 180 3852 anno
194 3797 301 3867 quinto,
319 3799 477 3868 postquam.
497 3829 531 3839 —
549 3798 665 3868 bospitio
721 3799 796 3853 ‘vom
804 3796 1276 3869 Ungluchechwerhaimgasucht'.

106 3869 240 3937 olebano,
264 3868 290 3923 d.
299 3869 327 3924 h.
352 3885 382 3923 er
405 3867 499 3923 duros
520 3867 665 3924 beatimmt
719 3901 753 3910 -
771 3885 852 3924 amm
871 3867 979 3922 ‘sainen
997 3868 1136 3939 eigenen’.

108 3938 159 3992 auf
172 3933 349 3994 frenndli‘ohe
361 3938 520 3994 Auluahme
534 3940 662 3994 rechnen.
754 3946 779 3995 3.
793 3941 1032 3995 broccetosanon
1044 3942 1169 4008 vocatoa3
1183 3957 1277 3997 vocare

141 4015 166 4063 4.
180 4026 265 4079 mque
277 4011 320 4066 ito
328 4011 413 4066 multo
426 4009 494 4064 ‘und
503 4027 577 4064 zwar
585 4009 665 4064 nicht
717 4008 805 4066 haifst
811 4010 853 4065 eft
862 4011 908 4064 ‘ru
917 4008 1003 4064 Gnate
1012 4009 1277 4083 laden'.-Wegen

42 4124 47 4136 .
106 4096 154 4132 um
187 4079 326 4150 amalae,
341 4080 368 4136 d.
377 4080 395 4135 i.
410 4079 662 4188 garnichtlapgo'.
717 4080 1054 4161 vidissetvgl.·A.B.16.
1074 4113 1108 4121 -
1127 4097 1216 4138 ornnes
1238 4082 1277 4138 ist

105 4167 239 4275 h—andeletre
252 4150 445 4303 ἳῖοἵᾞῃέηνιξ,
457 4151 664 4294 dieBwidhbigd
716 4151 1201 4303 hiqqrpioqqrtflpphoeqqenfflqqqtqq
1209 4171 1276 4278 Ἐξ

104 4289 179 4345 Insel
220 4291 388 4364 womogheh
428 4291 569 4364 endgiltig
609 4293 664 4348 den
716 4292 946 4348 flirLandelente
960 4293 1125 4347 aueeeinem
1136 4293 1275 4348 Hermate-

103 4361 221 4417 Persam
240 4380 275 4417 zu
287 4362 445 4420 entreisaan.
466 4395 500 4406 -
518 4365 664 4434 Μορμὼ
716 4381 773 4434 gau
800 4364 883 4420 einen
915 4362 1024 4418 offenen
1055 4363 1139 4418 Tiach
1169 4364 1276 4433 gehabt

763 4477 767 4484 .
1047 4452 1061 4481 Ὀ

1025 4457 1041 4504 3
