2850 4740
419 181 516 238 xum.
546 181 741 237 sunniam.
778 180 855 237 car.
874 187 899 236 o.
919 185 961 236 ιο.
1212 177 1276 267 133

105 348 209 432 venit,
237 351 275 412 ut
297 345 356 432 ibi,
380 368 444 432 quo
467 367 502 410 se
524 345 692 430 conferret,
714 343 938 410 consideraret
983 341 1076 409 Vidit
1098 346 1206 408 autem
1228 343 1313 409 virt

106 436 251 502 omnium
268 434 505 520 callidissimus,
526 434 561 499 in
677 455 697 498 o
716 454 750 497 se
768 433 837 498 fore
854 432 1007 518 periculo,
1028 431 1093 497 nisi
1111 431 1189 518 quid
1205 453 1279 517 pro
1306 453 1308 456 ·

106 525 254 611 vidisset,
280 528 414 610 propter
440 523 610 588 avaritiam
659 521 842 587 retensium.
887 520 1040 607 Magnam
1062 520 1149 585 enim
1170 541 1279 586 secum

106 614 275 700 pecuniam
297 612 459 700 portabat,
481 612 520 677 de
543 633 607 697 qua
629 611 750 676 sciebat
772 610 876 675 exisse
893 609 1022 675 famem.
1062 607 1176 695 Itaque
1194 608 1316 696 capita

107 702 172 768 tale
204 701 382 768 consilium.
431 700 615 786 Amphoraa
642 699 823 786 complures
850 698 991 784 complet
1017 698 1165 785 plumbo,
1196 719 1279 763 sum-

106 815 177 857 mas
211 791 318 877 ¹operit
354 812 432 856 auro
465 793 504 854 et·
529 793 671 874 argento.
725 787 795 854 Has
826 787 1049 873 praesentibus
1080 786 1280 873 principibus

57 957 62 966 ι
108 881 241 966 deponit
268 880 301 945 in
329 878 451 965 templo
473 878 610 963 Dianae,
637 877 793 942 simulans
821 898 855 942 se
883 898 957 942 mas
979 876 1128 942 fortunas
1150 875 1280 941 illorum

108 970 180 1034 fidei
215 968 350 1034 credere.
400 965 462 1032 His
492 990 526 1032 m
553 987 694 1032 errorem
721 965 861 1031 inductis
889 969 1013 1031 statuas
1040 970 1169 1045 aeneas,
1200 985 1280 1048 quas

106 1054 1079 1230 {turmis‘'mtttttpttsstdtlffitt
1095 1053 1317 1209 ttulit.

106 1259 170 1301 non
195 1240 261 1300 tam
285 1258 304 1299 a
327 1234 440 1301 ceteris
464 1256 560 1320 quam
584 1233 624 1298 ab
646 1227 844 1317 Hannibale,
867 1253 907 1297 ne
930 1231 985 1296 ille
1008 1231 1219 1298 inscientibus
1241 1231 1282 1296 iis

108 1325 237 1389 tolleret
259 1345 431 1408 secumque
454 1322 591 1388 duceret.

198 1413 247 1477 10.
280 1411 334 1478 Sic
365 1411 562 1478 conservatis
595 1411 662 1476 suis
694 1410 789 1474 rebus
822 1409 973 1475 omnibus
1003 1408 1146 1496 Poenus,
1177 1408 1282 1474 illusis

108 1501 329 1587 Cretensibus,
360 1501 401 1566 ad
432 1499 581 1566 Prusiam
613 1500 646 1563 in
677 1497 818 1564 Pontum
849 1495 1003 1583 pervenit.
1057 1495 1155 1584 Apud
1187 1519 1282 1583 quem

108 1590 219 1655 eodem
251 1591 359 1655 animo
391 1590 456 1654 fuit
486 1607 563 1676 erga
589 1586 718 1654 Italiam
749 1609 853 1673 neque
884 1586 972 1653 alind
1005 1588 1177 1674 quicquam
1206 1587 1283 1672 egit

109 1702 206 1765 quem
238 1700 346 1764 regem
377 1679 516 1743 armavit
547 1682 580 1742 et
610 1677 738 1742 exacuit
768 1675 922 1742 adversus
953 1674 1125 1742 Romanos.
1181 1674 1317 1753 Quema

108 1791 182 1834 oum
209 1768 332 1833 videret
355 1767 540 1833 domesticis
563 1765 680 1852 opibus
701 1766 809 1830 miuus
832 1787 902 1831 esse
925 1765 1109 1849 robustum,
1135 1763 1283 1830 concilia

108 1857 166 1922 bat
192 1861 316 1922 ceteros
345 1878 449 1942 reges,
476 1855 673 1942 adiungebat
699 1854 868 1920 bellicosas
897 1855 1052 1920 nationes.
1097 1853 1284 1920 Dissidebat

47 1973 51 1979 ·
108 1946 149 2011 ab
177 1968 215 2010 eo
242 1946 460 2031 Pergamenus
488 1967 544 2009 rex
571 1943 745 2028 Eumdnes,
776 1943 932 2009 Romanis
959 1943 1187 2028 amicissimus,
1218 1943 1283 2008 bel-

106 2035 238 2120 lumque
270 2035 354 2099 inter
386 2056 442 2098 eos
470 2033 641 2120 gerebatur
668 2037 701 2097 et
727 2033 810 2097 mari
838 2037 871 2097 et
898 2037 998 2118 terra,
1029 2031 1085 2097 sed
1111 2032 1283 2116 utrobique

107 2123 269 2188 Eumenes
300 2124 375 2208 plus
402 2122 532 2192 valebat
557 2125 690 2207 propter
716 2121 938 2188 Romanorum
966 2121 1161 2203 societatem¹
1212 2119 1318 2198 Quot

105 2213 211 2299 megia
242 2211 394 2297 cupiebat
425 2233 498 2276 eum
526 2210 691 2276 Hannibal
723 2211 875 2297 opprimi,
906 2233 1002 2296 quem
1030 2211 1058 2276 si
1085 2209 1284 2295 removisset,

107 2301 256 2367 faciliora
276 2301 339 2367 sibi
362 2304 468 2365 cetera
490 2300 558 2365 fore
582 2298 807 2365 arbitrabatur.
849 2297 902 2363 Ad
919 2298 1006 2364 hunc
1023 2298 1284 2364 interficiundum

109 2391 206 2456 talem
239 2390 314 2455 iniit
345 2390 512 2455 rationem.
564 2388 675 2454 Classe
705 2389 818 2473 paucis
850 2387 964 2455 diebus
995 2392 1088 2453 erant
1114 2387 1318 2453 decreturi.4

146 2658 171 2708 2.
196 2652 236 2707 Zu
259 2655 317 2709 nisi
338 2654 407 2724 quid
429 2653 484 2734 vgl.
499 2653 532 2707 A.
547 2653 578 2706 B.
593 2658 617 2706 t.
637 2685 672 2693 -
725 2667 817 2724 gegen
849 2651 988 2706 Eumenes
1020 2669 1074 2707 von
1106 2652 1284 2722 Pergamum,

106 2725 260 2866 cnr..
278 2723 672 2850 sennenn.
823 2794 1086 2849 ...n
1112 2722 1285 2848 uer...

109 2866 232 2938 Tempus
246 2884 266 2921 a.
282 2867 314 2924 Δ,
329 2866 362 2921 Β.
378 2873 419 2921 16.
447 2865 531 2920 Diese
586 2865 671 2920 urtei·
725 2863 885 2933 AB.„18b.
915 2897 948 2904 —
981 2866 1091 2920 Poenus
1121 2863 1193 2919 wird
1223 2865 1285 2919 hier

108 2936 179 3008 lang
206 2937 257 2992 der
280 2937 382 2992 Kreter
409 2936 534 2992 erinnert
559 2936 672 2991 lebhaft
724 2935 869 2990 Hannibal
896 2935 976 2990 nicht
999 2936 1071 2990 ohne
1093 2935 1215 2991 Absioht
1236 2952 1285 3012 ge-

109 3026 147 3064 on
172 3008 227 3062 den
249 3008 413 3064 bekannten
435 3008 510 3062 Anas
529 3008 598 3061 ruoh
621 3007 671 3062 des
724 3009 823 3076 nanut,
842 3007 879 3061 du
898 3005 944 3060 die
958 3007 1061 3061 Punier
1074 3006 1284 3062 fflrbeaondera
1355 3053 1357 3060 .

110 3079 241 3162 Apostels
278 3078 383 3134 Paulus
424 3078 464 3133 im
524 3079 593 3133 riese
635 3096 672 3132 an
725 3078 824 3132 schlau
836 3078 895 3132 und
909 3076 990 3148 liatig
1003 3077 1153 3149 gulten-
1168 3078 1286 3134 Mae

110 3149 198 3205 'l'ntnu
214 3183 248 3192 -
262 3151 400 3223 moytiam,
418 3149 470 3204 wir
489 3148 575 3204 ‘viel'.
590 3151 672 3205 -de
724 3165 784 3203 war
823 3148 917 3219 Kenig
959 3165 1015 3204 von
1053 3148 1206 3219 Bithynien
1246 3148 1285 3203 im

110 3240 166 3292 qecu
185 3221 287 3292 gebbrt
304 3239 338 3276 zu
356 3222 442 3277 eciam
459 3223 572 3289 famam.
725 3219 839 3274 Norden
865 3236 920 3274 von
947 3218 1117 3275 Kleinasien.
1141 3253 1176 3261 -
1200 3237 1286 3290 neque

146 3299 170 3347 3.
190 3309 322 3362 memmae,
344 3292 430 3348 ntml.
450 3293 609 3362 emptores,
631 3291 671 3345 im
725 3293 868 3361 mciooucm
897 3291 988 3346 ubere.
1016 3291 1090 3346 uach
1112 3292 1144 3346 A.
1160 3291 1192 3345 Β.
1206 3297 1231 3348 b.
1250 3323 1285 3332 —

110 3363 143 3418 D.
177 3364 245 3419 Adv.
280 3363 434 3419 ‘obenauf'.
467 3395 502 3404 —
530 3363 626 3433 princi
724 3379 812 3434 recem
832 3363 963 3430 umescit,
987 3363 1013 3416 d.
1032 3363 1060 3417 h.
1079 3379 1110 3417 er
1128 3362 1212 3417 schol
1225 3362 1285 3417 ihm

111 3434 175 3489 sind
198 3434 260 3489 hier
281 3434 356 3490 wohl
378 3433 584 3505 irgendwelche
629 3450 670 3488 er·
725 3433 787 3488 eine
804 3430 974 3488 bewaffnete
992 3433 1096 3488 Macht.
1323 3488 1325 3491 .

111 3508 199 3561 noter
226 3507 276 3560 der
304 3505 401 3565 Staats
422 3504 515 3561 ewalt.
544 3537 577 3545 -
604 3506 672 3573 sedec
761 3510 785 3558 2.
805 3505 956 3560 domesticis
974 3505 1071 3574 opibus
1090 3504 1190 3558 ‘durch
1208 3504 1285 3559 scine

113 3576 243 3632 ‘Obhut'.
262 3609 297 3618 -
316 3525 499 3647 domibtngt
520 3574 601 3630 nicht
617 3593 672 3631 von
725 3574 878 3630 heimische
904 3575 1022 3630 Macbt'.
1051 3608 1084 3615 -
1113 3576 1285 3643 emetiatur,
1400 3603 1404 3612 ·

113 3650 146 3702 is
160 3650 310 3717 propatulo
328 3648 378 3716 ab,
396 3664 504 3702 warum
521 3645 619 3702 nicht?
637 3679 671 3689 -
725 3647 901 3718 adinnoebot,
923 3645 1009 3701 nbml.
1029 3645 1085 3713 illi3
1108 3645 1148 3700 im
1165 3646 1198 3701 D.
1217 3645 1284 3718 gieb

111 3720 209 3786 obicit,
234 3718 277 3773 als
299 3724 393 3774 wbreu
416 3718 458 3774 aie
481 3717 604 3786 wertloa;
632 3717 671 3772 im
726 3717 777 3772 des
791 3716 901 3788 Imperi.
922 3718 1010 3772 durch
1030 3716 1150 3772 ‘suehte’
1166 3717 1220 3772 mit
1232 3716 1283 3772 1nf.

111 3789 144 3845 D.
164 3789 231 3860 fuge
251 3789 366 3844 ‘lescen'
387 3808 451 3843 aum
469 3789 520 3844 inf.
724 3787 836 3851 wieder.
856 3821 890 3829 -
909 3795 1007 3844 oetam
1022 3805 1103 3860 reyes,
1122 3805 1177 3843 von
1189 3787 1285 3844 Klein·

148 3867 173 3914 4.
188 3862 364 3931 (mactent)
379 3879 398 3915 a
412 3862 491 3916 ‘vor'.
506 3892 541 3902 -
555 3861 670 3915 inemen-
726 3858 811 3914 asien.
832 3893 865 3900 —
884 3861 919 3914 ab
942 3878 984 3929 eo,
1011 3859 1096 3914 ntml.
1120 3859 1226 3915 Prusia
1250 3891 1285 3901 -

111 3933 185 3988 tibus
215 3933 265 4001 iis,
298 3932 344 3986 die
371 3931 459 4002 Regel
487 3931 594 3987 fordart
620 3930 672 3985 das
724 3932 867 4002 utrobique
893 3930 1008 3986 beziehe
1035 3931 1087 3986 auf
1111 3938 1136 3986 et
1162 3933 1235 3986 nort
1260 3939 1286 3988 et

112 4002 401 4072 Reflexivpronomeu3
438 4003 493 4057 deu
522 4000 577 4056 abl.
612 4001 670 4056 aba.
725 4009 813 4070 uera,
833 4001 906 4056 ‘hier
923 4001 976 4055 wie
994 4002 1079 4056 dort’.

111 4074 259 4129 ttbereetze
275 4074 390 4129 uachA=
400 4074 431 4128 Β.
443 4079 491 4128 18⁰
504 4071 557 4128 mit
567 4073 671 4127 ‘ohne’.
763 4079 787 4127 3.
804 4073 864 4143 Quo
877 4076 966 4144 monis
979 4100 1013 4119 ι-
1027 4071 1069 4128 Εο
1085 4072 1285 4144 monsignor,

112 4143 672 4215 —totteretundduoeretntmlsortunon
727 4143 857 4214 dagegen
882 4162 959 4214 meent
986 4146 1012 4199 ai
1025 4171 1059 4191 ==
1072 4160 1139 4199 nam
1165 4143 1190 4198 ei
1213 4160 1284 4198 eum.

150 4217 198 4272 1⁰.
217 4215 279 4271 Von
297 4216 386 4272 Kreta
404 4216 473 4288 geht
488 4216 580 4270 Hann.
600 4214 673 4269 nach
728 4246 761 4255 -
784 4217 918 4274 rotimum
944 4217 1016 4270 inire
1045 4215 1103 4270 ‘ein
1124 4214 1218 4270 Mittel
1243 4232 1285 4268 er·
1343 4261 1354 4287 ,

114 4288 229 4343 Pontus·
255 4287 313 4341 und
345 4289 518 4343 unterattitzt
551 4285 673 4353 Prusias,
726 4285 848 4355 greifen,
876 4286 958 4341 einen
975 4286 1058 4355 ·Weg
1082 4285 1283 4356 einsohlagen’.

114 4360 169 4414 den
176 4358 269 4430 Ktuig
277 4375 332 4414 von
339 4357 500 4429 Bithynico,
508 4358 546 4411 im
553 4356 673 4428 Kampfe
761 4364 787 4413 4.
811 4360 895 4414 closae
913 4359 1052 4413 decernere
1071 4357 1129 4411 ‘ein
1147 4355 1285 4411 entsohei·
