2850 4740
445 204 531 261 XVII.
558 203 766 263 sensurus.
804 203 881 260 CAP.
902 209 926 260 4.
947 209 971 259 ὅ.
1235 203 1295 267 49Ἱ

118 368 211 435 XXX
233 367 354 435 diebus.
400 365 483 433 (ium
504 367 570 433 iarn
593 368 680 434 haud
701 367 748 432 ita
770 358 867 452 longe
884 367 1012 432 abesset
1029 387 1048 430 a
1065 363 1297 451 Peloponneso,
1315 384 1332 432 c

120 457 277 524 obsistere
304 457 335 522 ei
362 456 470 523 eonati
492 461 569 521 sunt
590 455 805 523 Athenienses
828 459 861 522 et
883 454 1011 520 Boeotii
1033 454 1193 539 ceterique
1216 453 1296 520 socii

119 569 230 612 eorum
253 546 339 632 apud
363 544 554 631 Coroneam3
578 567 659 631 quos
682 565 794 611 omnes
817 544 907 631 gravi
926 542 1049 629 proelio
1068 542 1152 607 vicit.
1189 541 1295 608 Huius
1309 568 1349 610 sse

118 635 273 701 victoriae
296 634 348 699 vel
369 633 510 699 maxima
533 634 598 698 fuit
613 634 694 719 laus,
717 633 812 718 quod,
835 654 908 697 cum
930 632 1075 718 plerique
1098 654 1136 696 ex
1160 633 1330 718 fugasse

119 723 154 788 in
181 722 338 809 ternplum
360 721 525 788 Minervae
553 723 764 788 coniecissent
792 726 1060 806 quaerereturque
1083 721 1123 785 ab
1147 741 1194 806 eo,
1216 721 1294 806 quid

62 821 64 826 ’
118 811 171 878 his
202 811 301 877 vellet
330 810 415 897 fieri,
447 812 508 876 etsi
540 811 666 897 aliquot
692 810 825 876 vulnera
853 814 1017 896 acceperat
1045 831 1083 874 eo
1110 808 1234 894 proelio
1261 814 1295 874 et

119 902 221 966 iratus
248 899 419 965 videbatur·
446 899 609 986 omnibus,
637 900 693 985 qui
720 900 872 964 adversus
899 921 988 963 arma
1010 897 1163 984 tulerant,
1186 901 1294 973 tamen

119 988 284 1056 antetulit,
303 989 369 1055 irae
402 985 590 1075 religionem
621 993 655 1052 et
686 1010 742 1054 eos
774 988 878 1053 vetuit
904 987 1027 1052 violari.
1076 985 1190 1072 Neque
1217 1004 1327 1053 veroa

117 1077 180 1143 hoc
203 1076 308 1142 solum
331 1077 365 1140 in
389 1075 522 1142 Graecia
544 1076 634 1163 feeit,
662 1080 699 1142 ut
721 1076 842 1162 templa
864 1076 996 1140 deorum
1018 1079 1131 1140 sancta
1151 1074 1293 1160 haberet,

118 1167 175 1232 sed
205 1165 304 1230 etiam
335 1165 421 1249 apud
452 1166 607 1231 barbaros
638 1187 764 1230 summa
795 1165 950 1250 religione
982 1164 1091 1229 omnia
1122 1163 1292 1229 simulacra

118 1275 254 1339 arasque
282 1253 491 1319 conservavit.
541 1251 654 1339 Itaque
681 1253 887 1340 praedicabat
914 1253 1024 1317 mirari
1052 1274 1086 1316 se
1109 1275 1174 1318 non
1197 1253 1327 1320 sacri-8
1354 1316 1356 1322 .

117 1341 265 1429 legeram
297 1350 431 1407 numero
462 1342 587 1427 haberi,
619 1342 675 1427 qui
707 1340 907 1428 supplicibus
939 1342 1070 1407 deornm
1098 1341 1291 1426 nocuissent,

115 1435 172 1497 aut
202 1453 268 1496 non
300 1430 503 1517 gravioribus
535 1430 647 1516 poenis
674 1431 774 1517 affici,
806 1430 861 1516 qui
891 1430 1079 1519 religionem
1101 1429 1292 1513 minuerent,

114 1543 211 1606 quam
236 1518 291 1603 qui
314 1519 390 1584 fana
413 1519 597 1605 spoliarent.

202 1609 232 1672 5.
265 1606 346 1672 Post
376 1606 439 1673 hoc
469 1607 630 1693 proelium
661 1607 815 1674 collatum
848 1627 942 1672 omne
976 1606 1096 1671 bellum
1127 1612 1177 1671 est
1208 1606 1292 1672 circa

115 1695 306 1762 Corinthum
333 1696 470 1782 ideoque
493 1695 700 1775 Corinthium
722 1701 773 1762 est
795 1695 999 1781 appellatum.
1046 1694 1109 1760 Hic
1132 1718 1205 1760 cum
1227 1715 1325 1764 unas

113 1784 1291 1960 {ttdtfflvffithttmtthttttttfftttttitt

113 1963 154 2028 ab
181 1962 355 2028 insolentie
381 1962 519 2049 gloriae,
545 1966 583 2027 ut
610 1963 853 2028 commiseratus
875 1962 921 2026 sit
942 1963 1106 2027 fortunam
1130 1960 1291 2047 Graeciae,

113 2051 201 2136 quod
232 2055 299 2116 tam
331 2050 426 2116 multi
459 2074 478 2115 a
505 2073 539 2116 se
566 2051 644 2116 vieti
671 2051 752 2117 vitio
780 2050 1036 2121 adversariorum
1063 2050 1290 2137 concidissent3

112 2161 251 2224 namque
278 2138 336 2203 illa
358 2139 580 2226 multitudine,
608 2139 636 2204 si
659 2162 738 2205 sana
758 2162 850 2205 mens
873 2141 958 2204 esset
981 2138 1146 2224 Graeciae,
1169 2137 1288 2224 suppli-

112 2228 198 2293 cium
215 2226 332 2293 Persas
350 2227 425 2293 dare
442 2228 595 2313 potuisse.
640 2226 730 2294 Idem
748 2250 821 2294 eum
840 2227 1040 2293 adversarios
1058 2227 1144 2294 intra
1161 2227 1323 2296 moeniae

111 2315 321 2401 compulisset
352 2319 398 2401 et,
424 2318 463 2381 'ut
485 2315 677 2382 Corinthum
705 2321 918 2403 oppugnaret,
950 2315 1045 2381 multi
1073 2316 1288 2400 hortarentur,

112 2405 243 2490 negavit
269 2404 302 2469 id
331 2425 407 2469 suae
433 2404 758 2492 virtutirconvenire5
786 2428 819 2471 se
846 2405 931 2471 enim
960 2427 1032 2470 eum
1063 2425 1144 2490 esse,
1168 2405 1223 2490 qui
1247 2405 1287 2469 ad

111 2493 255 2559 officium
282 2497 449 2577 peccantes
476 2493 580 2559 redire
604 2499 746 2581 cogeret,
777 2516 843 2559 non
871 2494 924 2579 qui
950 2493 1045 2558 urbes
1068 2493 1287 2558 nobilissimas

147 2672 171 2722 5.
199 2667 276 2722 houd
302 2668 344 2723 ito
373 2666 463 2723 ‘nieht
488 2668 565 2739 sehr,
593 2666 673 2723 nieht
763 2675 786 2723 1.
821 2669 950 2724 collatum
979 2675 1019 2723 cst
1052 2668 1116 2738 ‘rog
1147 2665 1207 2722 sich
1239 2686 1285 2722 nu-

111 2736 204 2792 eben’.
725 2739 870 2794 sammen’.
890 2737 1165 2809 Dchriegdauerte
1174 2737 1285 2793 tuest.

55 2819 57 2824 '
147 2808 673 2877 e.11aioavtetoaoe‘ssei.‚..’·;ce1
761 2815 786 2865 2.
805 2809 935 2882 Apceiloo
952 2811 1028 2878 duce,
1050 2808 1098 2863 ein
1114 2809 1218 2863 Irrtum
1235 2808 1284 2864 dea

111 2878 192 2934 dient
227 2879 270 2961 ott
305 2896 355 2932 zur
388 2879 587 2951 Verattrkrmg
622 2880 672 2934 des
725 2879 833 3004 Nepos3
848 2880 894 2935 die
910 2878 1154 2934 Schlachtwnrde
1167 2878 1227 2933 ihm
1236 2895 1284 2950 ge·
1312 2939 1313 2942 ,

111 2949 297 3020 Superlstrvs:
327 2949 540 3006 ‘entechiedan’.
570 2982 604 2991 —
631 2950 671 3004 Zu
725 2966 770 3005 me
802 2953 843 3019 et,
867 2950 909 3004 als
929 2966 960 3004 er
977 2950 1029 3005 auf
1044 2949 1109 3005 dem
1125 2949 1285 3022 Rdclrrrage

110 3021 184 3091 qaod
197 3020 308 3091 (‘dafs’)
321 3021 423 3091 gehort
436 3022 670 3078 tammaatctuts't.
726 3037 776 3076 aua
812 3020 899 3076 Asien
939 3020 968 3075 in
1005 3019 1111 3091 Amphi
1145 3020 1181 3075 lis
1200 3044 1201 3049 ι
1217 3037 1283 3075 war.

109 3123 145 3132 -
160 3093 284 3162 plerique
300 3091 377 3146 ‘sehr
389 3091 481 3146 viele’.
501 3124 536 3133 —
554 3109 588 3149 cx
599 3093 670 3164 ἴαμα
723 3093 805 3146 Aueh
823 3090 870 3146 die
883 3091 953 3146 Zahl
972 3091 1022 3146 der
1035 3090 1107 3146 Gela
1129 3108 1200 3146 enen
1212 3091 1284 3146 vird

110 3162 176 3216 ‘von
194 3162 244 3216 der
257 3161 379 3217 Flncht'.
398 3194 433 3205 -
451 3162 520 3233 quid
537 3164 580 3219 ao
594 3164 671 3220 vellet
723 3162 799 3218 wohl
824 3180 859 3216 zu
885 3163 959 3217 hoch
984 3160 1122 3233 gegriffen
1148 3161 1217 3218 sein.
1250 3195 1283 3205 -

108 3233 171 3301 fim'
202 3233 273 3287 ‘was
304 3232 361 3306 mit
386 3232 482 3287 diesen
510 3233 669 3305 gaschehen
723 3235 871 3290 insolentia
914 3235 1018 3305 elorico
1049 3236 1136 3290 ⁴etue
1180 3233 1284 3288 ‘rnhm-

110 3303 205 3370 solle'3
242 3302 377 3375 eigentl.?
425 3303 487 3359 Den
511 3303 669 3375 ¹folgenden
724 3303 853 3375 sdehtige
866 3291 1083 3374 llberhebung'3
1102 3302 1126 3358 e'
1184 3303 1235 3359 tl?
1248 3337 1285 3346 -

107 3372 377 3445 Einrtumungssatz
409 3377 469 3445 (etei
496 3377 575 3446 usu.)
602 3375 670 3448 luge
723 3377 790 3431 vitre
828 3373 945 3445 ‘infolge
980 3373 1030 3428 der
1062 3374 1283 3446 Verhendung',

108 3447 166 3500 erat
188 3463 223 3499 zu
246 3444 387 3500 allerletzt
409 3452 458 3503 ant
477 3477 512 3486 -
531 3448 669 3515 adversm
724 3445 817 3502 sofern
853 3443 899 3499 die
936 3444 1047 3516 Gegner
1082 3445 1156 3500 nach
1191 3444 1284 3500 seiner

107 3515 228 3571 Adverb.
256 3547 291 3556 —
319 3517 446 3573 mutuis
479 3515 554 3570 ‘liess
586 3516 669 3571 uber·
723 3504 930 3587 ilberzeugung
961 3513 1196 3586 unndtigerweise
1227 3516 1282 3570 dan

106 3584 191 3657 legen
209 3583 289 3641 sein’.
722 3587 810 3659 Kriag
826 3585 1112 3641 heraufbesehworen
1124 3585 1233 3642 hatten.
1246 3618 1282 3629 -
1350 3648 1352 3651 ¹

145 3661 168 3710 7.
188 3657 283 3727 Neque
301 3673 362 3712 cero
381 3657 670 3714 srA.B.20.—toc
721 3660 748 3714 εἰ
775 3675 847 3714 scau
868 3673 943 3712 merce
964 3664 1030 3722 essct
1054 3656 1283 3712 Graoeiaeasi

107 3727 201 3781 erhtlt
223 3726 300 3781 aeine
317 3726 479 3799 Erkltrung
502 3729 590 3784 durch
613 3730 669 3784 den
722 3727 842 3784 Graecia
862 3744 932 3782 aena
949 3730 1044 3782 mente
1063 3730 1144 3782 esset.
1164 3759 1198 3768 -

105 3795 333 3879 Nebensatzuut.
350 3799 507 3854 ..liaberet
524 3831 557 3839 -—
571 3807 669 3856 murto
717 3801 836 3870 plinium
861 3801 929 3855 dore
951 3797 1005 3896 cip.
1031 3798 1165 3853 ‘schwera
1188 3797 1207 3852 S
1265 3815 1281 3854 e

108 3867 341 3923 ‘unverletnhch’.
720 3870 832 3926 zahlen’
873 3870 899 3924 d.
927 3869 955 3924 h.
996 3867 1094 3923 acharf
1117 3867 1282 3942 gendchtigt

143 3938 665 4010 8.uaruer·o‘fdrodernla...’3alaSubj.
720 3913 852 3996 werdenl.

106 4026 141 4062 au
163 4011 258 4065 tutori
276 4028 302 4064 u.
322 4010 400 4077 affici
418 4013 536 4080 ergtnze
555 4026 611 4066 eos.
631 4043 665 4052 -
756 4018 780 4067 3.
800 4012 878 4066 intro
899 4011 1014 4079 euocata,
1039 4009 1130 4077 ntml„
1144 4008 1278 4065 Corinthi.

105 4095 200 4135 uocem
213 4079 275 4134 hier
290 4080 361 4135 ‘sich
374 4079 578 4150 vergreifenan
593 4125 598 4136 .
615 4126 620 4136 .
637 4083 664 4136 .'.
720 4113 754 4122 -
772 4083 883 4154 περανῶ
908 4082 1013 4152 septe,
1037 4079 1100 4135 dass
1121 4079 1222 4136 nicht’.
1245 4113 1280 4122 —

103 4181 139 4190 -
159 4153 312 4207 utinucrent
331 4150 513 4206 ‘verletzten'.
542 4193 544 4198 .
719 4154 808 4208 virtus
836 4150 1099 4222 ‘Mannhattigkeit’
1128 4155 1192 4222 (von
1218 4151 1279 4222 vir),

141 4221 171 4278 h.
199 4221 263 4277 Wie
296 4222 360 4276 sehr
387 4221 469 4292 Ager.
503 4220 549 4276 die
577 4222 666 4277 durch
720 4222 793 4278 dh.
823 4220 999 4278 ‘mannhafte
1026 4221 1219 4290 Grrmdattee‘.
1245 4253 1278 4277 —

104 4290 183 4345 aeine
211 4291 293 4417 Sieqq
320 4291 573 4363 hervorgerufenen
597 4292 666 4348 Ver·
719 4311 781 4348 eum
798 4311 861 4362 csse,
879 4295 1093 4363 qia...coperet
1114 4291 1156 4347 ‘er
1173 4290 1214 4347 sei
1233 4293 1279 4346 ein

105 4360 179 4416 luste
203 4379 240 4416 an
294 4362 500 4418 enaohenleben
522 4363 664 4434 beklagte.
720 4363 815 4432 Manu,
827 4409 832 4418 .
844 4404 850 4418 .
863 4381 912 4418 .zu
930 4363 1077 4433 zwingen’.

158 4460 229 4502 conr.
244 4462 331 4504 Nerea.
1049 4457 1064 4506 7
