2850 4740
176 203 220 266 64
581 199 614 253 x.
642 198 740 254 mou.
778 197 855 254 car.
874 203 899 254 a.
916 204 943 254 a.

176 362 313 428 consciis
340 383 421 447 quae
446 365 609 448 ageretur,
636 361 720 425 elate
743 360 885 425 defertur
908 361 949 425 ad
971 357 1247 444 Aristomachen„
1260 383 1345 424 soro

176 473 244 516 rem
266 450 395 535 Dionis,
421 470 618 534 uxoremque
640 447 769 513 Areten.
815 447 895 513 Illae
923 449 1038 514 timore
1060 450 1251 534 perterritae
1273 470 1346 514 con-

176 541 322 622 veniunt,
354 539 445 603 cuius
472 538 511 602 de
537 537 681 622 periculo
709 536 875 602 timebant.
924 535 971 601 At
996 537 1053 602 ille
1080 541 1178 623 negat
1204 559 1223 601 a
1251 536 1346 603 calli-

176 633 262 693 crate
285 627 355 691 fieri
376 626 439 691 sibi
457 627 600 710 insidias,
623 626 679 690 sed
696 625 762 710 illa,
785 646 867 710 quae
885 630 1065 711 agerentur,
1087 627 1157 691 fieri
1176 631 1346 710 praecepto

141 733 244 782 csuo.
289 714 441 780 Mulieres
468 713 570 779 nihilo
594 714 695 779 setius
719 712 922 778 Callicratem
945 713 979 778 in
1002 715 1113 779 aedem
1134 714 1345 799 Proserpinae

176 805 337 869 deducunt
368 825 405 868 ac
437 803 541 867 iurare
571 805 693 889 cogrmt
718 800 801 866 nihil
828 802 868 866 ab
896 801 953 867 illo
980 802 1115 886 periculi
1142 803 1211 868 fore
1237 802 1346 868 Dioni.

175 891 234 957 Ille
261 893 321 957 hae
344 891 499 977 religione
521 913 587 956 non
609 891 705 956 modo
729 913 794 954 non
817 894 868 955 est
890 890 1075 976 deterritus,
1102 890 1158 955 sed
1181 890 1222 955 ad
1244 895 1345 955 matu—

175 982 310 1046 randum
337 981 516 1080 concitatus
544 983 607 1062 est,
638 1000 764 1080 verens,
791 1000 832 1043 ne
853 979 944 1063 prius
971 979 1142 1044 consilium
1169 980 1347 1063 aperiretur

174 1092 292 1222 suum„
306 1090 402 1221 qllbbl
421 1067 893 1241 riieiiiiitirriiiiriblsdiifesto,
920 1177 994 1220 cum
1016 1178 1036 1220 a
1058 1160 1218 1220 conventu
1241 1177 1275 1219 se
1299 1177 1345 1220 re-

173 1251 298 1310 motum
316 1244 403 1310 Dion
426 1245 513 1310 domi
535 1248 660 1309 teneret
682 1248 778 1328 atque
801 1245 836 1308 in
859 1243 1002 1309 conclavi
1026 1244 1113 1309 edito
1137 1244 1345 1329 recubuisset,

173 1335 310 1399 consciis
328 1333 480 1398 facinoris
498 1334 570 1398 loca
587 1332 763 1397 munitiora
782 1332 893 1417 oppidi
911 1332 1020 1416 tradit,
1039 1333 1170 1397 domum
1189 1333 1344 1397 custodiis

138 1423 290 1507 asaepit,
322 1444 341 1486 a
368 1422 492 1487 foribus
521 1422 576 1506 qui
604 1442 669 1485 non
697 1421 875 1506 discedant,
908 1426 1013 1486 certos
1040 1421 1198 1506 praeficit3
1229 1443 1344 1485 navem

173 1510 337 1575 triremem
377 1510 510 1575 armatis
551 1513 645 1574 ornat
684 1508 961 1595 Philostratoque,
1001 1509 1093 1574 fratri
1131 1531 1204 1593 suo,
1245 1510 1345 1574 tradit

173 1619 307 1684 eamque
334 1599 367 1662 in
395 1602 491 1682 portu
518 1598 636 1683 agitari
663 1597 767 1682 iubet,
794 1602 832 1663 ut
858 1599 886 1663 si
910 1619 1055 1663 exercere
1078 1599 1216 1685 remiges
1238 1597 1344 1681 vellet,

173 1687 329 1772 cogitans,
352 1687 380 1750 si
403 1687 487 1751 forte
510 1686 654 1752 consiliis
677 1686 858 1752 obstitisset
880 1687 1024 1773 fortuna,
1051 1690 1089 1751 ut
1110 1686 1257 1770 haberet,
1280 1708 1345 1771 qua

137 1775 300 1860 efugeret
335 1775 376 1838 ad
411 1774 556 1840 salutem.
612 1774 751 1840 Suorum
787 1780 894 1840 autem
931 1797 948 1840 e
985 1796 1117 1840 numero
1149 1773 1345 1858 Zacynthios

171 1863 391 1929 adulescentes
427 1863 582 1948 quosdam
619 1863 712 1949 eligit
748 1886 820 1929 cum
857 1864 1087 1929 audacissimos
1118 1867 1188 1927 tum
1221 1862 1344 1928 viribus

172 1952 335 2038 maximis,
362 1951 466 2036 iisque
493 1952 549 2016 dat
576 1953 755 2039 negotium,
783 1953 824 2016 ad
850 1949 989 2018 Dionem
1017 1955 1092 2016 eant
1118 1952 1269 2034 inermes,
1297 1952 1344 2016 sic

171 2045 210 2105 ut
236 2040 444 2106 conveniendi
472 2040 541 2104 eius
568 2039 674 2126 gratia
696 2039 881 2106 riderentur
903 2040 1019 2105 venire.
1065 2039 1110 2104 Hi
1133 2045 1266 2124 propter
1289 2063 1343 2105 no

136 2145 154 2193 4
173 2129 279 2193 titiam
298 2133 375 2193 sunt
392 2129 579 2193 intromissi.
620 2127 666 2193 At
688 2127 747 2213 illi,
769 2133 807 2193 ut
824 2128 923 2193 limen
941 2129 1011 2193 eius
1029 2129 1197 2213 intrarant,
1220 2128 1344 2194 foribus

172 2217 329 2282 obseratis
356 2217 500 2282 inlecto
529 2217 699 2281 cubantem
726 2217 896 2303 invadunt,
923 2216 1091 2304 colligant,
1119 2217 1158 2281 fit
1179 2218 1344 2302 strepitus,

136 2306 251 2370 uadeo
279 2310 316 2370 ut
343 2305 485 2369 exaudiri
513 2305 618 2390 possit
644 2305 731 2369 foris.
782 2304 859 2391 Hic,
886 2306 971 2370 sicut
998 2310 1072 2370 anm
1100 2327 1193 2390 saepe
1221 2306 1344 2370 dictum

171 2586 211 2652 et)
229 2583 357 2651 defertur.
394 2584 450 2638 Der
463 2583 636 2639 Relativsatz
650 2583 732 2655 giebt
784 2584 889 2640 Dionis.
909 2618 943 2626 -
963 2604 981 2639 a
998 2585 1105 2653 forthae
1123 2587 1171 2655 qui
1186 2602 1243 2640 noa
1260 2587 1344 2640 disce

171 2654 226 2708 den
253 2653 350 2709 Grund
377 2671 422 2709 an.
444 2686 480 2695 —
503 2654 543 2709 Za
566 2656 731 2713 emmane
783 2658 853 2711 daut
878 2656 922 2725 (Α.
937 2656 968 2710 Β.
989 2660 1033 2726 11)
1060 2657 1162 2727 gehdrt
1185 2673 1219 2709 zu
1247 2662 1342 2724 cenea

497 2727 503 2738 ·
664 2727 670 2740 ·
892 2729 897 2739 ·
927 2728 936 2755 r
1070 2728 1078 2754 a

171 2729 300 2849 cru
313 2726 730 2877 crassenses
780 2727 1068 2869 crustula
1087 2726 1344 2851 ‹sihtns

171 2864 524 2937 denGcfahr'301gentl.?
545 2897 578 2908 ·-·
600 2866 659 2922 Vor
678 2868 730 2922 aila
784 2868 912 2935 rudem'3
930 2868 985 2939 vgl.
1004 2867 1145 2936 dictitare,
1158 2868 1289 2924 vocitare.
1309 2901 1342 2908 —

170 2937 231 3003 fieri
249 2941 368 3008 ergtnze
386 2936 457 2991 dicit
474 2940 536 3005 (aus
554 2956 588 2993 ne
605 2941 652 3008 ot).
782 2946 814 2994 ut
826 2941 852 2994 si
867 2938 930 2992 ‘wie
945 2939 1045 3008 wenn’,
1061 2938 1165 3009 ‘gleich
1180 2938 1222 2992 als
1236 2939 1293 2993 ob’.
1308 2971 1343 2979 —

206 3012 231 3061 5.
251 3008 441 3077 Proserpinae.
473 3008 530 3062 Der
543 3007 577 3061 Ei
609 3007 729 3062 beiden
783 3012 921 3081 cogitans,
947 3017 1064 3064 ut=e0
1092 3009 1221 3078 consilio,
1248 3011 1289 3064 ut.
1307 3040 1341 3052 —

170 3077 394 3132 unterirdischen
417 3077 580 3134 Gottheiten
603 3077 666 3149 galt
686 3079 731 3132 fiir
783 3080 998 3149 baberet(utml.
1015 3084 1134 3148 navem),
1153 3097 1209 3149 prro
1224 3081 1265 3134 ‘er
1283 3079 1343 3134 eins

170 3148 322 3203 besonders
340 3149 493 3203 furchtbar.
513 3182 548 3190 -
565 3150 638 3204 nabit
713 3151 729 3190 ‘-
782 3150 871 3220 natu,
891 3168 938 3204 um
957 3150 1078 3218 darauf',
1098 3169 1118 3204 s.
1139 3154 1170 3204 A.
1190 3151 1221 3204 Β.
1243 3156 1283 3205 11.

170 3219 228 3273 eali
252 3218 291 3273 ist
315 3219 388 3274 noch
415 3220 525 3274 starker
552 3218 594 3273 als
620 3238 639 3273 n
671 3220 730 3274 lum
819 3227 844 3276 3.
863 3222 1041 3292 Zacynthios,
1060 3237 1114 3275 von
1133 3221 1182 3275 der
1200 3221 1274 3275 lnsel
1292 3221 1344 3275 Za·

170 3289 332 3358 periculum.
351 3323 386 3331 -
404 3292 463 3357 fore
488 3290 526 3346 ist
548 3289 597 3345 inf.
620 3290 671 3345 fut.
696 3309 728 3344 zu
783 3291 906 3361 kynthos
926 3291 1088 3362 (=Zante).
1108 3323 1140 3332 -
1160 3298 1221 3346 cam
1235 3337 1240 3347 .
1253 3336 1257 3346 .
1271 3299 1345 3348 ¹tuero

170 3359 236 3413 fieri.
257 3392 291 3401 -
310 3362 418 3432 religio,
441 3361 491 3416 der
511 3360 653 3415 feicrliche
671 3361 731 3416 Akt
785 3361 876 3416 ‘nicht
893 3380 946 3417 nur
957 3407 962 3416 .
975 3407 980 3417 .
992 3407 1011 3430 .‚
1031 3362 1152 3417 sondcrn
1165 3363 1343 3430 besonders'3

170 3430 219 3484 des
238 3430 330 3485 Eides.
349 3464 384 3473 —
402 3449 495 3487 verens
512 3431 571 3486 lose
590 3431 642 3486 auf
656 3432 728 3486 nach
783 3451 832 3487 aur
849 3431 1024 3488 Erleichteru
1082 3433 1132 3487 der
1150 3421 1343 3504 ilbersetzung

169 3500 202 3554 A.
222 3501 253 3555 Β,
274 3509 327 3557 18⁰.
782 3503 860 3558 bilde
873 3504 919 3558 fiir
932 3503 978 3558 die
992 3503 1039 3558 bei
1060 3520 1095 3558 en
1107 3503 1252 3558 Attribute
1262 3503 1343 3557 einen

206 3572 235 3626 9.
255 3573 299 3626 An
318 3572 410 3627 einem
421 3573 555 3644 Festtage
569 3571 640 3627 wird
657 3573 728 3627 Dion
781 3573 963 3629 Relativsatz.
973 3582 1094 3643 -eaat
1108 3574 1344 3645 Auffcrderungs-

169 3659 223 3696 von
245 3643 298 3697 den
318 3642 537 3699 Helfershelfern
553 3642 644 3698 seines
657 3643 728 3714 Geg-
782 3648 849 3700 sata.
873 3678 909 3686 —
931 3648 1024 3716 pratia
1050 3645 1127 3700 beim
1154 3644 1343 3700 Gsmndivnm

169 3729 233 3766 ners
248 3713 412 3768 Callicrates
426 3715 457 3768 in
470 3714 561 3769 seiner
574 3714 727 3787 Wohnung
782 3715 939 3786 cntspricht
951 3716 1043 3772 einem
1054 3717 1133 3770 Infin.
1147 3716 1201 3771 mit
1215 3716 1274 3770 ‘um
1287 3717 1343 3771 zu’.

169 3783 327 3838 tiberiallcn
345 3785 402 3838 und
420 3784 613 3856 nmgebracht.
783 3819 815 3828 -
830 3794 944 3912 prppur
956 3788 1081 3844 matiam
1103 3787 1156 3842 ‘als
1170 3787 1343 3856 Bekunnte';

207 3862 230 3908 1.
258 3863 404 3911 conventus
428 3855 491 3910 hier
517 3854 563 3910 die
592 3855 728 3910 ‘Festver-
781 3856 865 3928 eigen
891 3866 916 3913 .?

170 3925 475 3996 sammlung’.—edito
490 3925 538 3980 ‘im
554 3926 640 3980 obern
649 3926 727 3981 Tcile
784 3944 787 3952 ·
815 3934 841 3982 4.
859 3935 892 3984 at
908 3930 1051 3984 inhereret
1063 3927 1279 4000 ungewdhnlich
1296 3927 1343 3983 fdr

170 3995 219 4050 des
242 3996 371 4051 Hauses’.
414 3996 508 4051 Dahin
535 3997 638 4067 pflegte
662 4014 728 4051 man
774 3998 931 4054 intrarunt.
959 4032 995 4040 —
1022 3999 1173 4066 invadant,
1203 3999 1342 4123 cunipert,

170 4065 229 4120 sich
243 4066 488 4135 aurdckznziehen‚
504 4085 585 4123 wenn
598 4084 665 4128 mun
677 4087 729 4123 un·
780 4086 840 4124 was
888 4070 1033 4125 beaweckt
1077 4069 1129 4125 das
1178 4069 1257 4139 hsyn
1277 4073 1343 4125 eton

169 4140 278 4208 gestdrt
296 4137 356 4191 sein
368 4137 471 4193 wollte.
490 4170 527 4179 -
542 4140 645 4194 cecedi
656 4140 727 4206 saci·
781 4140 825 4210 (A.
844 4140 875 4194 B.
896 4140 949 4211 1¹)'?

168 4209 253 4276 none,
276 4207 307 4261 in
329 4209 380 4262 das
400 4207 608 4264 Unternehmm
624 4208 658 4263 E'
716 4242 727 4252 ·
817 4216 841 4266 ὅ.
862 4211 921 4267 Hic
938 4210 1007 4266 Adv.
1030 4210 1177 4266 ‘Hierbei’.
1197 4241 1231 4251 ·-
1249 4227 1341 4280 saepe:

168 4277 272 4334 weihte
295 4277 659 4336 ‘Mitverschworene’.-tr
696 4283 727 4348 it,
781 4281 879 4336 soweit
904 4281 957 4336 wir
983 4282 1034 4336 das
1058 4281 1147 4336 Werk
1172 4281 1221 4335 des
1247 4281 1342 4351 Nepos

169 4348 246 4419 susj.
261 4320 432 4406 essessa.
452 4383 487 4392 -
504 4351 622 4420 comm,
640 4350 726 4406 numi.
780 4351 914 4422 sussen,
933 4351 1341 4423 acemanecestriae.
