2850 4740
497 203 519 257 1.
548 202 750 257 montanas,
788 202 863 257 om.
884 209 908 256 a.
976 272 978 274 ,
1249 199 1291 266 13

119 365 337 448 stratibusque
360 370 514 450 versatus,
538 387 603 430 non
626 364 796 430 videbatur
816 386 911 449 posse
935 384 1003 429 esse
1025 364 1180 450 privatum
1202 386 1290 449 prae·

119 454 230 519 sertim
262 476 335 519 oum
366 453 596 519 consuetudine
627 453 668 518 ad
698 453 826 538 imperii
857 453 1066 538 cupiditatem
1094 452 1179 517 trahi
1207 453 1291 518 vide·

119 546 215 608 retur.
265 541 352 607 Nam
384 541 574 607 Chersonesi
607 563 717 607 omnes
749 541 837 626 iilos,
868 563 949 626 qnos
980 540 1157 626 habitarat,
1189 557 1326 607 annoso
1361 607 1362 612 ,

45 681 47 686 ,
118 636 306 716 perpetuam
333 631 518 696 obtinuerat
539 629 791 696 dominationem
815 633 1035 714 tyrannusque
1057 630 1164 695 fuerat
1186 629 1293 715 appol-

54 749 56 752 ⁴
118 719 217 804 latus,
250 719 305 783 sed
336 717 454 784 iustu's:
483 741 549 784 non
577 723 647 783 arat
673 719 758 783 enim
785 718 819 783 vi
846 723 1049 803 consecutus,
1077 719 1132 782 sed
1160 739 1291 783 suornm

118 807 293 892 voluntate,
317 829 449 899 eamque
467 810 661 891 potestatem
678 807 825 872 bonitate
843 807 1009 872 retinebat.
1046 804 1165 888 Omnes
1183 811 1292 871 antem

119 899 152 959 et
180 896 330 961 dicuntur
356 900 390 960 et
415 896 575 960 habentur
602 896 745 980 tyranni,
772 895 828 980 qui
855 898 1016 980 potestate
1039 899 1115 960 eunt
1137 898 1292 980 perpetua

119 984 153 1051 in
181 1006 218 1049 ea
245 979 388 1069 civitate,
421 1006 502 1068 quae
528 984 678 1048 libertate
704 1005 764 1049 usa
791 987 848 1049 est.
899 980 961 1049 sed
988 984 1022 1048 in
1049 982 1196 1048 Miltiade
1223 988 1327 1048 erate

119 1094 192 1138 oum
220 1094 344 1137 summa
370 1073 554 1137 humanitas
582 1076 652 1137 tum
678 1073 762 1137 mira
789 1073 1015 1157 communitas,
1042 1076 1080 1136 nt
1106 1094 1200 1137 nemo
1224 1076 1291 1136 tam

118 1160 251 1234 humilis
274 1166 371 1247 esset,
398 1162 450 1225 oui
468 1183 537 1225 non
560 1161 601 1226 ad
624 1183 697 1225 eum
719 1160 827 1225 aditus
849 1164 987 1246 pateret,
1014 1180 1132 1246 magna
1154 1160 1291 1226 auotori-

19 1275 22 1279 ·
119 1252 170 1314 tas
202 1250 287 1333 apud
320 1272 430 1315 omnes
462 1249 623 1334 civitatee,
658 1248 766 1315 nobile
798 1270 928 1334 nomen,
959 1248 1030 1314 laus
1062 1249 1109 1313 roi
1140 1248 1292 1314 militaris

118 1338 267 1402 maxime.
307 1337 397 1403 Haeo
415 1335 555 1423 populus
572 1337 747 1422 respioians
764 1337 880 1403 maluit
897 1337 990 1402 illum
1008 1337 1176 1402 innoxium
1193 1337 1291 1422 pleoti

119 1448 216 1509 quam
240 1448 273 1491 se
296 1425 417 1491 diutius
440 1446 509 1491 esse
531 1426 565 1490 in
589 1426 712 1491 timore.
752 1433 753 1437 ’

89 1623 91 1626 ‘
120 1617 677 1688 adverbiell‘vielfaomtt'.-ptivotua‚
731 1618 770 1672 ha
864 1617 926 1673 eina
957 1617 1058 1673 freiero
1089 1605 1291 1688 tiberianum,

120 1689 171 1742 der
183 1687 250 1742 kain
264 1687 678 1758 offantlioheaAmtbakleidet,
731 1687 798 1744 wie:
837 1689 922 1758 aben,
941 1687 1100 1759 geniorum,
1119 1687 1225 1760 zeigan,
1244 1687 1292 1743 be·

83 1761 85 1766 “
121 1757 333 1813 ‘Privatmann’.
732 1759 836 1814 weiaen
854 1777 921 1814 usw.

156 1836 181 1884 3.
204 1830 245 1883 Zu
269 1830 424 1886 Oiwroomai
442 1848 463 1884 o.
481 1830 514 1884 A.
533 1830 565 1886 B.
586 1830 624 1885 1⁶,
644 1862 677 1872 -
767 1837 793 1886 4.
813 1832 845 1885 in
859 1831 990 1886 Mtaade
1007 1837 1066 1886 mot
1085 1831 1126 1884 ‘oa
1145 1829 1213 1885 fand
1232 1829 1293 1884 aiolr

120 1899 679 2042 mmeramme:
732 1899 1291 2043 temnentem

119 2058 224 2122 noeque
249 2043 344 2123 fuerat⁴
368 2043 530 2123 appellatae.
608 2058 680 2115 egen
732 2041 821 2097 Milia
844 2043 894 2097 dea
917 2042 1100 2112 Charaktera‚
1127 2031 1292 2097 Manethon·

122 2111 360 2182 droserhrannm
372 2112 679 2185 rmChorsoneawnrde
731 2112 977 2183 freundliohkait'3
999 2114 1179 2169 omnmmtitao
1197 2112 1292 2168 ‘Leut-

63 2228 65 2234 .
120 2181 193 2236 Milt.
226 2183 299 2237 naoh
331 2182 422 2237 seiner
447 2183 599 2238 Itnokkehr
624 2201 679 2240 von
732 2182 886 2256 aeligkeit’‚
917 2183 1092 2239 namentlioh
1118 2199 1211 2282 gagen
1238 2182 1291 2238 Ga-

122 2252 677 2378 dortanfeklagtaberfreigeaproohen.
731 2255 850 2380 ringere.
883 2287 917 2296 -
949 2257 995 2311 oui
1026 2271 1084 2310 aon
1114 2255 1201 2326 (dass
1232 2255 1292 2326 ihm

120 2323 163 2378 Im
193 2324 233 2378 Fo
245 2324 356 2395 genden
381 2323 514 2394 botentin,
541 2342 600 2380 was
632 2325 679 2381 die
730 2320 778 2380 nio
798 2327 834 2396 t’)
857 2333 975 2395 pateret,
1006 2325 1046 2379 im
1072 2324 1105 2380 D.
1134 2328 1209 2381 retae
1237 2325 1291 2380 den

120 2393 206 2449 Alton
232 2398 316 2450 unter
339 2402 476 2466 tyrannas
497 2394 678 2464 vemtanden3
731 2396 813 2466 Konj.
841 2397 890 2450 dea
917 2395 1138 2466 Plusquamparf.
1169 2428 1201 2437 —
1230 2398 1292 2451 laur

120 2463 172 2518 wir
189 2464 343 2546 yerbinden
356 2465 438 2520 einen
452 2466 559 2521 andam
572 2465 679 2538 Begriff
733 2509 740 2522 .
766 2511 771 2521 .
797 2512 802 2522 .
831 2469 967 2537 maimo,
998 2466 1058 2522 dies
1090 2466 1177 2522 dritte
1208 2465 1291 2522 Glied

121 2535 218 2590 damit.
247 2568 281 2577 -
308 2543 367 2592 erat
393 2545 560 2607 mesenates,
592 2537 678 2592 ntml.
732 2537 858 2608 lmfipfen
874 2537 927 2592 wir
941 2537 994 2592 mit
1008 2537 1088 2592 ‘and'
1104 2553 1150 2593 an.
1164 2569 1199 2578 -
1212 2538 1292 2594 Haeo

121 2607 340 2663 dominationem.
365 2639 398 2648 -
422 2608 544 2663 totietate
567 2625 619 2663 roa
641 2616 680 2665 aot
732 2609 878 2678 respiciens
901 2608 942 2662 ‘in
963 2607 1121 2663 Rnokaioht
1142 2607 1194 2664 auf
1214 2607 1291 2663 dieae

134 2676 187 2731 frei
223 2694 351 2749 genesen
386 2677 450 2745 ist';
481 2681 525 2735 uti
545 2678 680 2750 verlangt
732 2677 947 2735 Verhtltnisse’:
965 2680 1004 2733 Ἃ.
1024 2678 1054 2733 Β.
1076 2684 1128 2733 180,
