2850 4740
414 156 512 211 XXIII.
540 156 740 211 HANNIBAL.
777 156 853 212 ΟΛΡ.
874 162 979 227 11.,12.
1225 158 1287 222 135

115 320 148 385 ἰιι
171 342 224 384 cas
247 343 324 384 vasa
346 319 468 405 fictilia,
491 319 529 384 de
552 320 670 405 quibus
689 343 787 406 supra
804 321 999 385 mentionem
1018 321 1161 406 fecimus,
1184 320 1287 384 conici

114 413 228 494 coepta
250 413 333 474 sunt.
374 407 462 484 Quae
484 409 569 474 iacta
592 409 685 474 initio
709 410 810 473 risum
833 409 1053 495 pugnantibus
1076 408 1287 496 concitarunt,

116 520 226 584 neque,
244 519 342 582 quare
360 498 394 562 id
411 498 512 583 fieret,
529 502 657 583 poterat
675 497 827 584 intellegi.
867 497 1045 582 Postquam
1064 503 1171 562 autern
1190 520 1287 563 naves
1306 516 1322 565 s

116 608 189 652 suas
226 587 371 674 oppletas
408 592 642 672 conspexerunt
679 585 895 673 serpentibus,
930 609 1028 652 nova·
1050 609 1084 651 re
1115 587 1287 673 perterriti,

116 696 197 762 cum,
220 675 299 762 quid
320 675 526 761 potissimum
549 677 698 762 vitarent,
720 698 786 741 non
804 675 958 760 viderent,
980 697 1104 763 puppes
1122 679 1288 753 verterunt

117 784 211 848 seque
235 764 275 829 ad
298 787 357 829 sua
379 768 485 829 castra
506 765 636 830 nautica
654 765 855 830 rettulerunt.
898 763 951 830 Sic
969 764 1134 830 Hannibal
1152 765 1323 831 consilio?

116 875 203 918 arma
228 853 500 940 Pergamenorum
528 855 705 940 superavit,
736 875 839 938 neque
865 858 936 918 tum
964 854 1083 938 solum,
1110 853 1166 918 sed
1192 875 1287 938 saepe

115 940 197 1006 alias
216 943 418 1028 pedestribus
441 943 543 1028 copiis
566 944 636 1028 pari
659 942 830 1028 prudentia
851 942 976 1028 pepulit
999 943 1207 1007 adversarios.

206 1033 253 1096 12.
287 1031 374 1109 Quae
402 1032 479 1096 dum
505 1033 539 1096 in
567 1031 647 1096 Asia
674 1036 844 1118 genantur,
871 1031 988 1096 accidit
1010 1054 1100 1118 casu,
1127 1035 1165 1096 ut
1186 1030 1285 1116 legati

48 1166 51 1179 .
114 1118 245 1185 Prusiae
281 1119 403 1186 Romae
440 1122 525 1208 apud
561 1121 597 1186 Τ.
633 1120 801 1197 Quintium
833 1119 1050 1185 Flamininum
1087 1120 1285 1185 consularem

114 1215 277 1296 cenarent,
304 1214 401 1295 atque
428 1209 475 1274 ibi
503 1210 541 1274 de
563 1209 746 1274 Hannibale
774 1208 937 1274 mentione
965 1210 1051 1274 facta
1077 1231 1117 1273 ex
1140 1210 1180 1273 iis
1203 1232 1287 1273 unus

115 1296 235 1362 (liceret
257 1321 328 1362 enm
351 1298 385 1364 in
402 1296 537 1364 Prusiae
560 1320 660 1386 regno
683 1319 760 1364 esse.
801 1296 840 1362 Id
862 1302 992 1383 postero
1016 1297 1067 1362 die
1085 1297 1287 1381 Flamininus

90 1460 92 1465 ¹
114 1387 239 1451 senatui
259 1386 380 1453 detulit.
420 1386 534 1453 Patres
553 1388 737 1473 conscripti,
755 1388 810 1471 qui
830 1386 1011 1452 Hannibale
1029 1387 1104 1451 vivo
1122 1405 1322 1471 nunquams

115 1497 149 1539 se
168 1519 170 1523 -
186 1476 254 1540 sine
288 1476 414 1542 insidiis
447 1477 574 1541 futuros
606 1476 840 1561 existimarent,
876 1476 1001 1562 legatos
1034 1476 1067 1539 in
1098 1474 1288 1558 Bithyniam

113 1564 283 1650 miserunt,
310 1566 342 1630 iu
369 1566 411 1630 iis
432 1565 665 1651 Flamininum,
693 1565 748 1650 qui
776 1566 817 1629 ab
841 1586 915 1651 rege
937 1569 1097 1650 peterent,
1120 1586 1159 1629 ne
1182 1564 1286 1628 inimi·

113 1653 277 1718 e'issimum
310 1677 403 1719 suum
435 1677 543 1719 secum
575 1654 709 1720 haberet
741 1653 867 1738 sibique
894 1653 1031 1718 dederet.
1081 1653 1144 1717 His
1170 1647 1336 1730 Prusias

113 1763 231 1828 negare
258 1765 355 1808 ausus
382 1765 446 1807 non
461 1749 531 1828 *est3
560 1743 642 1808 illud
664 1744 838 1828 recusavit,
865 1765 905 1806 ne
928 1743 962 1806 id
985 1765 1004 1806 a
1026 1764 1061 1806 se
1084 1741 1154 1806 fieri
1177 1747 1287 1827 postu-

111 1829 226 1917 larent,
249 1831 335 1916 quod
357 1831 509 1897 adversus
533 1833 583 1897 ius
605 1832 740 1918 hospitii
763 1836 861 1897 esset:
884 1832 960 1917 ipsi,
984 1832 1012 1896 si
1034 1835 1180 1917 possent,
1203 1852 1291 1918 com-⁸

110 1919 357 2005 prehenderent3
388 1920 509 2006 locum,
541 1922 597 1985 ubi
626 1925 723 2007 esset,
755 1921 848 1986 facile
876 1921 1072 1984 inventuros.
1122 1919 1288 1985 Hannibal

112 2009 199 2073 enim
225 2031 291 2074 nno
318 2009 389 2074 loeo
413 2032 446 2074 se
469 2010 613 2096 tenebat,
641 2010 674 2074 in
699 2010 844 2096 castello,
873 2009 959 2094 quod
983 2010 1010 2073 ei
1035 2031 1055 2072 a
1077 2030 1151 2095 rege
1176 2009 1288 2074 datum

111 2101 181 2162 erat
211 2098 351 2183 muneri,
387 2099 483 2183 idque
515 2100 561 2164 sie
593 2099 791 2185 aedificarat,
822 2103 860 2163 ut
891 2099 925 2161 in
958 2098 1107 2162 omnibus
1138 2098 1287 2182 partibus

108 2186 247 2252 aedificii
274 2187 380 2252 exitus
407 2187 553 2274 haberet,
581 2188 705 2253 scilicet
722 2209 859 2274 uerene,
885 2208 926 2252 ne
950 2210 1012 2252 usu
1035 2187 1171 2272 veniret,
1200 2188 1286 2272 quod

108 2274 234 2340 accidit.
276 2273 349 2341 Huc
372 2298 444 2341 cum
466 2276 567 2363 legati
589 2276 811 2343 Romanorum
832 2276 996 2341 venissent
1018 2298 1056 2340 ac
1078 2276 1322 2342 multitudines

51 2380 52 2385 ’
111 2363 242 2428 domum
265 2364 335 2428 eius
358 2365 651 2449 circumdedissent,
673 2388 754 2451 puer
772 2365 812 2430 ab
832 2366 929 2430 ianua
946 2364 1145 2450 prospiciens
1163 2363 1286 2430 Hanni-

110 2451 175 2517 bali
218 2452 301 2519 dixit
336 2453 445 2539 plures
481 2458 609 2540 praeter
645 2454 908 2520 consuetudinem
945 2458 1087 2518 armatos
1124 2465 1309 2540 apparere.-

146 2633 171 2682 ὅ.
194 2629 283 2682 conici
300 2626 394 2698 coeptu
414 2635 492 2697 uait,
512 2628 549 2682 im
569 2629 601 2682 D.
622 2630 669 2682 ok·
727 2631 883 2683 Senatores.
903 2660 937 2669 -
961 2630 1009 2698 qui
1024 2671 1029 2682 .
1045 2669 1051 2681 .
1068 2672 1074 2683 .
1089 2629 1285 2697 existimarent,

108 2697 212 2753 tivisch
232 2698 286 2752 mit
310 2700 406 2756 ‘man’⁴
431 2731 466 2740 —
489 2701 562 2755 iaetu
585 2699 672 2755 sovicl
725 2699 901 2755 Kausalsata.
922 2731 954 2739 -
974 2700 1195 2755 inimicissimam
1209 2699 1285 2754 ‘Era-

108 2768 163 2823 wis
181 2786 245 2824 cum
263 2768 428 2825 iacerentur.
724 2770 822 2826 feind'.
848 2804 882 2810 -
904 2787 993 2825 secam
1018 2770 1081 2838 (auf
1100 2769 1214 2825 Prusias
1237 2772 1285 2826 be·

145 2847 170 2895 6.
207 2857 279 2896 noea
314 2858 344 2895 re
375 2840 470 2912 (biber
501 2842 555 2895 den
589 2859 670 2897 uner-
725 2846 822 2913 angen)
845 2843 941 2897 babere
965 2839 1023 2895 ‘bei
1046 2841 1106 2896 sich
1129 2841 1283 2897 behalten’.

68 2974 70 2976 ³
109 2913 246 2966 warteten
263 2910 396 2982 Vorfall')
416 2913 557 2981 perterriti
577 2913 668 2968 dbers.
724 2945 758 2953 -
782 2913 822 2966 Zu
848 2913 953 2982 sibique
977 2915 1038 2982 (que
1062 2913 1217 2984 ‘sondem‘)
1239 2915 1285 2968 de-

108 2983 183 3037 nach
200 2983 233 3037 A.
248 2983 278 3037 Β.
295 2989 348 3036 18“.
369 3015 402 3023 -
422 2985 553 3053 citarent,
577 2983 616 3037 im
635 2985 668 3040 D.
722 2985 795 3039 deret
817 2988 937 3053 ergtnae
960 2987 1005 3052 ut3
1031 2985 1097 3053 sibe',
1120 2984 1206 3039 ntml.
1230 2985 1284 3039 Ro·

108 3053 176 3124 fdge
199 3052 324 3108 ‘sollten’
349 3071 411 3107 zum
434 3054 494 3108 Inf..
561 3073 669 3126 puppes
723 3054 821 3109 manis.

109 3130 209 3180 vertere
225 3141 280 3179 von
297 3124 348 3178 der
364 3124 458 3180 Flotte
476 3128 591 3196 geeagt‚
614 3127 668 3182 wie
758 3135 781 3179 3.
818 3127 920 3181 Prusia
955 3125 993 3179 ist
1024 3125 1197 3181 Nebent'orm
1229 3143 1283 3180 von

108 3211 163 3249 von
180 3195 381 3267 Landtrnppen
399 3199 481 3267 terga
498 3202 613 3252 vertere.
633 3230 668 3239 -
722 3197 843 3251 Prusias.
868 3229 901 3236 -
927 3214 1025 3269 separe
1052 3196 1113 3250 hier
1135 3197 1208 3251 ohne
1235 3198 1283 3251 be-

107 3273 201 3322 costra
226 3269 341 3322 nautico
368 3265 433 3321 sind
460 3285 523 3322 aum
548 3268 668 3323 Sehntae
723 3268 862 3323 stimmtes
881 3267 987 3338 Objekt
1005 3266 1080 3322 ‘eine
1100 3268 1216 3322 abschltt
1239 3268 1284 3338 'ge

109 3337 160 3392 der
186 3336 290 3391 Schiffe
316 3354 362 3392 em
385 3338 481 3393 Lande
509 3355 546 3393 an
567 3339 668 3410 elegto,
725 3341 852 3394 Antwort
868 3338 982 3409 geben'.'
996 3371 1030 3380 -
1045 3340 1117 3394 illud
1133 3340 1196 3392 ‘nur
1230 3340 1281 3394 as’.

108 3407 162 3462 mit
189 3408 348 3480 Besataung
375 3410 525 3465 vcrsehene
589 3409 668 3465 foeti-
723 3443 755 3452 -
779 3428 814 3465 ae
836 3409 908 3465 nach
928 3411 1062 3465 rceoscsoit
1079 3409 1170 3480 (‘wies
1188 3428 1219 3464 er
1237 3427 1283 3464 zu-

793 3482 801 3508 r
946 3483 955 3508 r
1023 3482 1031 3507 r
1276 3506 1282 3518 ,

107 3495 306 3630 Ὗῐῖιιιίῑίο
332 3550 433 3634 ‘durch
456 3551 538 3606 einen
561 3552 667 3624 klugen
721 3481 1283 3633 Holldtrilalsr'lhfiedilliieiustbttrdilzlrlli

106 3620 233 3676 Ernfall’.
253 3654 287 3662 -
306 3622 391 3689 oleos,
410 3622 479 3676 Adv.
717 3625 861 3692 pauciore
893 3622 1137 3693 gcwdhnheheren
1169 3624 1281 3678 Konetr.

144 3691 193 3748 12.
224 3691 277 3746 Als
307 3692 353 3746 die
381 3693 483 3748 llbrner
509 3693 667 3748 Hannibale
720 3693 774 3749 mit
801 3698 840 3749 ut.
870 3727 905 3734 -
935 3695 990 3764 ipsi
1022 3695 1281 3764 comprehenderent,

107 3762 334 3817 Aufenthalteort
348 3764 477 3817 erfchren
490 3765 593 3832 haben,
607 3782 666 3818 ver·
721 3766 844 3836 abhtng.
867 3765 1159 3835 Auffordenmgssatz.
1184 3797 1218 3806 —
1242 3765 1282 3819 Zu

106 3832 231 3888 handcln
257 3834 297 3915 sic
320 3835 456 3916 zunitcbst
478 3834 532 3888 mit
554 3835 667 3890 Prusias
720 3839 880 3892 inventuros
897 3836 952 3907 vgl.
972 3836 1005 3890 A.
1020 3837 1050 3890 B.
1068 3837 1095 3916 l‘
1112 3837 1169 3890 und
1191 3841 1231 3890 17.
1246 3869 1282 3877 «-

106 3905 666 4057 ssuu‘elustraars‘:
719 3906 1208 4048 srcrtersmerrcn

105 4064 155 4101 um
172 4046 252 4102 mcht
269 4046 372 4102 lebend
390 4047 500 4102 inihrs
513 4048 613 4102 thde
632 4067 667 4103 zu
756 4057 781 4104 4.
806 4068 878 4119 puer
904 4048 990 4104 haifst
1013 4049 1055 4104 ose
1079 4048 1136 4104 ‘ein
1157 4049 1280 4119 Sklave',

104 4115 201 4187 fallen,
220 4117 322 4173 nimmt
339 4134 370 4173 cr
388 4117 456 4174 oie.
720 4120 794 4175 ohne
827 4119 981 4174 Riicksieht
1020 4119 1071 4174 auf
1104 4120 1155 4174 das
1187 4120 1279 4190 Alton

143 4194 166 4242 1.
198 4191 333 4245 enemim
359 4191 435 4257 saeta
464 4189 666 4260 ‘gelegentlich
721 4191 797 4246 chal.
830 4208 914 4246 unser
943 4191 1096 4246 ‘Bursebe’.
1126 4223 1158 4232 »-
1185 4193 1280 4261 plures
1325 4204 1326 4207 ’

106 4258 185 4315 einer
202 4259 405 4332 Bemerlrnng'3
424 4259 558 4331 eigentl‘?
754 4269 828 4318 (ceter
853 4263 1072 4318 consuetudieem
1098 4263 1279 4331 'ringewthn-

143 4338 166 4386 2.
196 4332 295 4388 Patres
325 4334 472 4403 mmeriptc'
499 4331 585 4386 seriel
612 4332 666 4387 wie
732 4333 778 4387 ich
797 4332 893 4392 vielc':
913 4331 1046 4402 cigentl.?
