2850 4740
412 189 472 244 XV.
500 187 773 244 nummolenus
811 187 887 244 CAP.
909 194 932 244 ’1.
953 193 977 242 8.
1241 185 1284 250 87

107 355 295 423 memoriam
314 352 527 419 contumeliae
545 357 578 416 et
591 351 768 419 exercitum
783 351 950 416 obsidione
964 350 1136 414 liberatum
1151 351 1283 414 domum
1297 376 1338 417 aaa

107 445 234 510 reduxit
265 444 466 512 ineolumem.
516 440 586 506 Nec
618 463 693 504 vero
726 439 788 506 hoc
815 439 914 505 semel
941 438 1031 524 fecit,
1064 439 1119 502 sed
1146 439 1320 524 saepiunt

106 533 246 599 Maxime
282 536 390 597 autem
426 531 490 595 fuit
526 530 667 616 illustre,
703 551 777 593 eum
812 528 1072 614 Peloponnesum
1108 528 1284 592 exereitum
1298 553 1338 595 aar

106 623 251 688 duxisset
287 622 440 686 adversus
477 619 747 684 Lacedaemonios
784 617 980 704 haberetque
1017 616 1157 702 collegas
1194 617 1284 702 duos,

107 733 244 796 quorum
272 711 353 775 ulter
380 713 450 774 erat
472 708 657 793 Pelopidas,
685 708 736 771 vir
759 708 853 772 fortis
877 728 914 771 ae
937 710 1096 770 strenuus.
1142 704 1187 769 Hi
1210 727 1284 770 cum

106 800 295 865 criminibus
335 797 592 863 adversariorum
632 818 743 862 omnes
780 797 814 861 in
851 795 1005 860 invidiam
1042 794 1206 859 venissent
1242 794 1283 859 ob
1316 837 1319 841 ·

105 887 1322 1061 tt?,thtttttfflsutssststfflttll0lt?⁶pttttt4

106 1089 172 1132 non
195 1067 317 1152 paruit,
344 1066 492 1150 idemque
516 1069 554 1129 ut
575 1065 726 1130 facerent
739 1063 901 1150 persuasit
924 1062 1071 1149 collegisr,
1099 1066 1131 1125 et
1153 1061 1286 1146 bellum,

105 1156 194 1240 quod
222 1158 418 1240 susceperat,
446 1154 555 1240 gessit.
600 1152 750 1238 Namque
778 1151 1066 1238 animadvertebat,
1094 1151 1158 1215 nisi
1185 1151 1285 1215 idle

105 1245 221 1329 cisset,
248 1247 354 1309 totum
386 1243 562 1307 exercitum
588 1246 722 1328 propter
748 1246 933 1328 praetorum
961 1240 1212 1328 imprudentiam
1239 1241 1287 1304 in-

106 1333 296 1416 scitiamque
318 1332 397 1396 belli
418 1332 607 1417 periturum.
649 1331 716 1396 Lex
739 1335 808 1396 erat
826 1330 955 1417 Thebis,
978 1352 1060 1416 quae
1082 1334 1185 1394 morte
1204 1329 1321 1416 mul-,5

105 1421 210 1507 tabat,
240 1421 268 1485 si
296 1421 369 1506 quis
396 1420 568 1506 imperium
596 1420 718 1485 diutius
746 1420 944 1505 retinuisset,
972 1442 1069 1504 quam
1096 1420 1167 1504 lege
1195 1441 1285 1504 prae-

105 1510 235 1574 finitum
266 1510 359 1579 foret.
409 1508 503 1574 Hanc
529 1509 771 1595 Epaminondas
804 1531 878 1574 cum
909 1510 956 1573 rei
983 1507 1131 1594 publicae
1159 1529 1285 1572 conser-

104 1600 228 1663 vandae
259 1620 356 1664 causa
386 1597 486 1663 letam
518 1598 655 1684 videret,
691 1599 733 1662 ad
763 1598 938 1684 perniciem
970 1598 1112 1662 civitatis
1145 1597 1285 1662 conferri

105 1686 212 1751 noluit
242 1691 275 1751 et
302 1690 457 1771 quattuor
482 1687 648 1752 mensibus
677 1687 813 1773 diutius,
845 1709 942 1772 quam
969 1686 1110 1773 populus
1139 1686 1285 1771 iusserat,

105 1775 209 1861 gessit
230 1776 410 1861 imperium.

192 1865 222 1929 8.
240 1863 419 1948 Postquam
438 1864 569 1928 domum
587 1863 729 1930 reditum
748 1869 806 1951 est,
825 1864 966 1951 collegpe
985 1865 1054 1928 eius
1072 1864 1134 1928 hoe
1153 1863 1288 1929 crimine

106 1951 347 2018 accusabantur.
394 1951 518 2030 Quibus
540 1952 601 2016 -ille
623 1954 784 2040 permisit,
812 1960 850 2018 ut
877 1975 1005 2018 omnem
1026 1949 1163 2018 'causam
1191 1952 1225 2017 in
1253 1975 1288 2018 se
1301 1978 1342 2020 ace

106 2041 319 2107 transferrent
351 2062 472 2126 sueque
504 2063 602 2126 opera
633 2043 755 2108 factum
787 2043 1030 2127 contenderent,
1061 2047 1099 2107 ut
1129 2041 1195 2128 legi
1222 2063 1289 2106 non

106 2129 303 2195 oboedirent
349 2127 419 2206 Qua
442 2129 627 2195 defensione
653 2131 719 2196 illis
741 2131 885 2217 periculo
913 2132 1059 2197 liberatis
1086 2153 1181 2195 nemo
1204 2130 1289 2215 Epa-

104 2219 291 2283 minondam
309 2240 540 2302 responsurum
556 2219 703 2306 putabat,
722 2221 817 2306 quod,
832 2220 910 2305 quid
924 2220 1053 2305 diceret,
1066 2243 1132 2285 non
1145 2220 1288 2285 haberet.

105 2311 152 2372 At
174 2307 229 2372 ille
252 2306 286 2370 in
308 2306 463 2372 iudicium
486 2307 583 2392 venit,
606 2308 690 2372 nihil
712 2330 823 2374 eorum
846 2310 986 2394 negavit,
1010 2331 1092 2394 quae
1113 2309 1324 2377 adverseriin

106 2395 234 2461 crimini
265 2395 397 2481 dabant,
430 2396 615 2481 omniaque,
647 2418 729 2481 quae
761 2398 903 2484 collegae
933 2397 1094 2482 dixerant,
1122 2397 1289 2463 confessus

106 2489 157 2549 est
178 2506 282 2568 neque
300 2485 470 2568 recusavit,
488 2505 552 2568 quo
570 2485 679 2552 minus
696 2485 779 2572 legis
797 2508 934 2570 poenam
953 2487 1090 2572 subiret,
1114 2488 1290 2552 sedunum

106 2573 147 2638 eb
167 2573 207 2636 iis
225 2573 350 2658 petivit,
372 2577 410 2636 ut
432 2573 466 2636 in
489 2572 637 2657 sepulcro
660 2596 719 2639 suo
742 2574 965 2640 inscriberent:
989 2573 1243 2660 ‘Epaminondas
1270 2595 1324 2642 as

106 2661 269 2730 Thebanis
300 2665 405 2726 morte
432 2660 589 2725 multatus
617 2667 680 2748 est,
708 2663 794 2748 quod
822 2685 877 2729 eos
905 2664 1012 2750 coegit
1039 2664 1125 2749 apud
1151 2664 1290 2732 Leuctra

107 2772 258 2836 superare
294 2749 578 2835 Lacedaemonios,
615 2772 697 2835 quos
736 2756 810 2816 ante
852 2773 886 2817 se
927 2753 1154 2837 imperatorem
1194 2776 1289 2820 nemo

142 2947 167 2996 3.
187 2942 246 2996 Nee
264 2958 337 2996 earo:
357 2941 390 2996 A.
411 2941 441 2995 B.
462 2947 509 3009 2⁰3
535 2959 570 2995 zu
592 2943 671 2998 renel
762 2951 785 2998 1.
804 2944 924 2999 reditum
941 2950 992 3012 eet,
1015 2944 1055 2998 im
1073 2944 1106 2998 D.
1126 2945 1213 3000 ahtiv.
1236 2946 1290 3000 mit

105 3011 174 3083 fllge
198 3013 272 3066 ‘nur’
296 3011 389 3068 hinnu.
410 3044 444 3053 -
467 3014 529 3080 boe,
554 3012 617 3066 dass
641 3029 671 3068 er
727 3015 824 3069 ‘man’.
840 3045 874 3055 -
888 3017 1099 3083 armabantur,
1110 3015 1162 3069 das
1175 3016 1288 3086 Imperi.
1308 3057 1311 3061 «

107 3081 393 3154 dioBeleidignngen
408 3082 499 3137 seiner
513 3083 672 3154 Mitbnrger
724 3085 791 3155 gieb
823 3085 912 3140 durch
944 3084 1070 3147 {sollten’
1108 3085 1220 3142 wieder.
1253 3120 1288 3129 -

106 3154 225 3225 vergsls.
241 3186 274 3194 -
289 3155 395 3211 illustre
410 3153 586 3223 ‘mhmvell’3
600 3155 671 3209 Sub·
724 3173 837 3211 causam
861 3155 919 3210 ‘die
946 3155 1057 3211 Sache’.
1077 3188 1111 3197 -
1129 3173 1183 3212 soa
1204 3174 1290 3228 opem

102 3224 169 3349 geht
186 3224 225 3278 ist
244 3226 294 3278 der
307 3225 467 3280 Nebensetz
480 3225 533 3279 mit
551 3242 620 3282 cum.
636 3257 670 3266 —
727 3226 790 3281 ‘suf
814 3226 891 3282 aeine
922 3227 1154 3308 blerenlussung'.
1185 3260 1219 3270 -
1245 3248 1287 3285 rc·

128 3313 148 3350 n
167 3297 383 3365 Pehrpormeemn
401 3314 422 3352 a.
442 3296 475 3351 A.
490 3296 521 3350 B.
538 3295 576 3350 1¹¹.
724 3315 890 3367 spanorum
904 3299 976 3352 ‘siah
989 3300 1216 3355 verantworten’.
1241 3300 1289 3356 Sie

141 3375 167 3421 4.
191 3366 317 3422 Konstr.:
341 3369 531 3436 pareantque
553 3367 669 3439 oellepis,
723 3368 861 3439 glaubten
879 3368 948 3439 also,
972 3385 1002 3424 er
1025 3369 1118 3424 werde
1136 3387 1188 3440 gar
1206 3371 1289 3428 nicht

104 3445 138 3493 ot
162 3438 234 3492 idam
255 3439 384 3504 sconart
408 3470 443 3479 —
464 3427 542 3492 llber
563 3439 670 3506 fecisaet
723 3456 772 3494 vor
781 3438 897 3494 Gericht
906 3439 1288 3522 epocheinen.5-aontoteo,

105 3508 504 3634 vgbbhbogwbbegffi
520 3509 584 3633 bblli
601 3509 669 3563 ‘Un-
724 3512 895 3652 Quotam
910 3511 968 3565 ‘ich
976 3511 1153 3582 weilsmcht,
1167 3529 1226 3568 was
1240 3513 1288 3569 ich

105 3598 168 3775 {bs
186 3651 321 3733 muana
337 3649 401 3704 nar
417 3651 495 3706 nur‘
532 3650 619 3705 oneo.
634 3682 669 3690 -
760 3653 875 3737 anuas
901 3652 972 3706 vird
994 3652 1035 3735 in
1047 3652 1090 3734 o.
1114 3652 1228 3723 nnjene.
1251 3688 1289 3697 .-

40 3821 42 3823 ,
107 3736 238 3846 23⁸3.
253 3721 451 3867 Woelfflin?
465 3721 670 3891 dbsbSu-rbjfolaot
722 3723 1208 3877 luldlldldrnnddllinthldhhhbhslatlu
1237 3743 1288 3782 m

105 3861 669 4003 *caumata
723 3864 1287 4007 brementensem:

158 4003 236 4073 ‚Abi
248 4003 300 4061 auf
306 4003 352 4059 die
361 4004 586 4075 Fragezumwie
595 4004 669 4061 viel?
722 4007 785 4076 her,
810 4006 875 4061 weil
903 4006 946 4061 sie
969 4007 1049 4062 nicht
1075 4011 1133 4062 erut
1159 4014 1211 4062 369
1235 4026 1288 4133 ga·
1368 4041 1369 4045 =

142 4076 173 4131 8.
191 4074 250 4129 Vor
263 4073 379 4131 Gericht
393 4075 606 4146 nimmthlpam.
621 4075 669 4130 die
723 4077 858 4149 schlagen
876 4079 980 4132 wurde.
1013 4078 1093 4133 Dooh
1106 4096 1166 4132 war
1179 4079 1220 4133 sie

106 4145 212 4202 Schuld
242 4145 329 4202 ellein
360 4146 413 4204 auf
440 4146 502 4200 sich
535 4147 594 4202 und
626 4162 669 4201 er·
722 4148 819 4203 Eam.
831 4149 1092 4219 ausgezeichnetste
1101 4149 1159 4202 und
1168 4149 1215 4203 fur
1224 4150 1285 4204 sein

105 4216 174 4274 siclt
201 4216 289 4272 durch
313 4216 448 4288 launigcn
470 4215 596 4272 Hinweia
620 4216 672 4272 auf
749 4218 879 4274 eterlsnd
910 4219 1127 4290 folgenreiohste
1159 4220 1306 4277 wellen.

106 4289 184 4344 seina
211 4286 378 4347 Vendieuste
405 4287 565 4344 ehrenvolle
591 4288 668 4344 nrei-
722 4290 794 4345 that.
819 4322 855 4331 -
877 4298 941 4346 ante
962 4309 989 4346 se
1012 4293 1201 4360 imperatorem
1225 4293 1286 4346 ‘vor

106 4359 273 4430 spreehung.
722 4361 829 4416 seinem
842 4361 990 4417 Auftreten
1010 4362 1052 4416 als
1066 4362 1118 4417 Ρ).
1151 4361 1286 4420 lhlraatc

1255 4098 1285 4135 08
