<?xml version="1.0" encoding="UTF-8"?>
<!DOCTYPE html PUBLIC "-//W3C//DTD XHTML 1.0 Transitional//EN"
    "http://www.w3.org/TR/xhtml1/DTD/xhtml1-transitional.dtd">
<html xmlns="http://www.w3.org/1999/xhtml" xml:lang="en" lang="en">
 <head>
  <title>
</title>
<meta http-equiv="Content-Type" content="text/html;charset=utf-8" />
  <meta name='ocr-system' content='tesseract 3.04.00' />
  <meta name='ocr-capabilities' content='ocr_page ocr_carea ocr_par ocr_line ocrx_word'/>
</head>
<body>
  <div class='ocr_page' id='page_1' title='image "./corneliusneposf00stangoog_0122.png"; bbox 0 0 2850 4740; ppageno 0'>
   <div class='ocr_carea' id='block_1_1' title="bbox 132 160 1031 233">
    <p class='ocr_par' dir='ltr' id='par_1_1' title="bbox 132 160 1031 233">
     <span class='ocr_line' id='line_1_1' title="bbox 132 160 1031 233; baseline -0.009 0"><span class='ocrx_word' id='word_1_1' title='bbox 132 168 178 233; x_wconf 66' lang='grc'><strong>884</strong></span> <span class='ocrx_word' id='word_1_2' title='bbox 407 168 465 223; x_wconf 88' lang='lat' dir='ltr'><strong>XV.</strong></span> <span class='ocrx_word' id='word_1_3' title='bbox 494 160 764 223; x_wconf 80' lang='lat' dir='ltr'><strong>EPAMINONDAS.</strong></span> <span class='ocrx_word' id='word_1_4' title='bbox 803 169 880 224; x_wconf 80' lang='lat' dir='ltr'><strong>CAP.</strong></span> <span class='ocrx_word' id='word_1_5' title='bbox 900 176 924 224; x_wconf 82' lang='lat'><strong>8.</strong></span> <span class='ocrx_word' id='word_1_6' title='bbox 945 176 968 225; x_wconf 81' lang='grc'><strong>9,</strong></span> <span class='ocrx_word' id='word_1_7' title='bbox 991 177 1031 225; x_wconf 90' lang='lat'><strong>10.</strong></span> 
     </span>
    </p>
   </div>
   <div class='ocr_carea' id='block_1_2' title="bbox 77 329 1393 2540">
    <p class='ocr_par' dir='ltr' id='par_1_2' title="bbox 77 329 1393 2540">
     <span class='ocr_line' id='line_1_2' title="bbox 97 329 1310 420; baseline 0.004 -25"><span class='ocrx_word' id='word_1_8' title='bbox 97 329 331 395; x_wconf 81' lang='lat' dir='ltr'><strong>4Boeotorum</strong></span> <span class='ocrx_word' id='word_1_9' title='bbox 364 339 461 395; x_wconf 89' lang='lat' dir='ltr'><strong>ausus&#39;</strong></span> <span class='ocrx_word' id='word_1_10' title='bbox 493 336 543 395; x_wconf 89' lang='lat' dir='ltr'><strong>est</strong></span> <span class='ocrx_word' id='word_1_11' title='bbox 574 331 715 415; x_wconf 74' lang='lat' dir='ltr'><strong>aspicere</strong></span> <span class='ocrx_word' id='word_1_12' title='bbox 745 332 778 396; x_wconf 91' lang='lat' dir='ltr'><strong>in</strong></span> <span class='ocrx_word' id='word_1_13' title='bbox 806 332 886 418; x_wconf 88' lang='lat' dir='ltr'><strong>acie,</strong></span> <span class='ocrx_word' id='word_1_14' title='bbox 919 333 1069 418; x_wconf 89' lang='lat' dir='ltr'><strong>quodque</strong></span> <span class='ocrx_word' id='word_1_15' title='bbox 1095 357 1160 399; x_wconf 91' lang='lat' dir='ltr'><strong>uno</strong></span> <span class='ocrx_word' id='word_1_16' title='bbox 1187 337 1310 420; x_wconf 86' lang='lat' dir='ltr'><strong>proelio</strong></span> 
     </span>
     <span class='ocr_line' id='line_1_3' title="bbox 133 418 1309 505; baseline 0.007 -24"><span class='ocrx_word' id='word_1_17' title='bbox 133 440 198 482; x_wconf 91' lang='lat' dir='ltr'><strong>non</strong></span> <span class='ocrx_word' id='word_1_18' title='bbox 227 419 331 482; x_wconf 91' lang='lat' dir='ltr'><strong>solum</strong></span> <span class='ocrx_word' id='word_1_19' title='bbox 359 418 487 483; x_wconf 80' lang='lat' dir='ltr'>Thebas</span> <span class='ocrx_word' id='word_1_20' title='bbox 515 419 555 483; x_wconf 91' lang='lat' dir='ltr'><strong>ab</strong></span> <span class='ocrx_word' id='word_1_21' title='bbox 584 420 717 484; x_wconf 86' lang='lat' dir='ltr'><strong>interitu</strong></span> <span class='ocrx_word' id='word_1_22' title='bbox 744 421 893 505; x_wconf 73' lang='lat' dir='ltr'><strong>retraxit,</strong></span> <span class='ocrx_word' id='word_1_23' title='bbox 921 422 977 485; x_wconf 89' lang='lat' dir='ltr'><strong>sed</strong></span> <span class='ocrx_word' id='word_1_24' title='bbox 1004 422 1102 488; x_wconf 88' lang='lat' dir='ltr'><strong>etiam</strong></span> <span class='ocrx_word' id='word_1_25' title='bbox 1129 424 1309 489; x_wconf 80' lang='lat' dir='ltr'><strong>universam</strong></span> 
     </span>
     <span class='ocr_line' id='line_1_4' title="bbox 134 505 1310 597; baseline 0.004 -26"><span class='ocrx_word' id='word_1_26' title='bbox 134 505 301 572; x_wconf 76' lang='lat' dir='ltr'><strong>Graeciam</strong></span> <span class='ocrx_word' id='word_1_27' title='bbox 330 508 362 571; x_wconf 93' lang='lat' dir='ltr'><strong>iu</strong></span> <span class='ocrx_word' id='word_1_28' title='bbox 390 507 573 572; x_wconf 90' lang='lat' dir='ltr'><strong>libertatem</strong></span> <span class='ocrx_word' id='word_1_29' title='bbox 597 508 771 573; x_wconf 76' lang='lat' dir='ltr'><strong>vindicavit</strong></span> <span class='ocrx_word' id='word_1_30' title='bbox 799 531 899 593; x_wconf 91' lang='lat' dir='ltr'><strong>eoque</strong></span> <span class='ocrx_word' id='word_1_31' title='bbox 926 531 977 574; x_wconf 88' lang='lat' dir='ltr'><strong>res</strong></span> <span class='ocrx_word' id='word_1_32' title='bbox 1005 514 1216 596; x_wconf 83' lang='lat' dir='ltr'><strong>utrorumque</strong></span> <span class='ocrx_word' id='word_1_33' title='bbox 1240 534 1310 597; x_wconf 88' lang='lat' dir='ltr'><strong>par-</strong></span> 
     </span>
     <span class='ocr_line' id='line_1_5' title="bbox 133 595 1309 684; baseline 0.006 -26"><span class='ocrx_word' id='word_1_34' title='bbox 133 595 235 680; x_wconf 87' lang='lat' dir='ltr'><strong>duxit,</strong></span> <span class='ocrx_word' id='word_1_35' title='bbox 267 600 304 659; x_wconf 93' lang='lat' dir='ltr'><strong>ut</strong></span> <span class='ocrx_word' id='word_1_36' title='bbox 333 595 477 659; x_wconf 86' lang='lat' dir='ltr'><strong>Thebani</strong></span> <span class='ocrx_word' id='word_1_37' title='bbox 506 595 656 680; x_wconf 89' lang='lat' dir='ltr'><strong>Spartam</strong></span> <span class='ocrx_word' id='word_1_38' title='bbox 688 602 924 684; x_wconf 81' lang='lat' dir='ltr'><strong>oppugnarent,</strong></span> <span class='ocrx_word' id='word_1_39' title='bbox 956 598 1198 665; x_wconf 87' lang='lat' dir='ltr'><strong>Lacedaemonii</strong></span> <span class='ocrx_word' id='word_1_40' title='bbox 1229 600 1309 665; x_wconf 88' lang='lat' dir='ltr'><strong>satis</strong></span> 
     </span>
     <span class='ocr_line' id='line_1_6' title="bbox 97 683 1308 775; baseline 0.002 -26"><span class='ocrx_word' id='word_1_41' title='bbox 97 683 300 768; x_wconf 78' lang='lat' dir='ltr'><strong>shaberent,</strong></span> <span class='ocrx_word' id='word_1_42' title='bbox 329 684 357 747; x_wconf 91' lang='lat' dir='ltr'><strong>si</strong></span> <span class='ocrx_word' id='word_1_43' title='bbox 385 685 466 748; x_wconf 89' lang='lat' dir='ltr'><strong>salvi</strong></span> <span class='ocrx_word' id='word_1_44' title='bbox 494 706 563 750; x_wconf 87' lang='lat' dir='ltr'><strong>csse</strong></span> <span class='ocrx_word' id='word_1_45' title='bbox 589 690 735 770; x_wconf 80' lang='lat' dir='ltr'><strong>possent,</strong></span> <span class='ocrx_word' id='word_1_46' title='bbox 767 708 870 770; x_wconf 88' lang='lat' dir='ltr'><strong>nequa</strong></span> <span class='ocrx_word' id='word_1_47' title='bbox 901 687 992 771; x_wconf 89' lang='lat' dir='ltr'><strong>prius</strong></span> <span class='ocrx_word' id='word_1_48' title='bbox 1024 686 1144 754; x_wconf 88' lang='lat' dir='ltr'><strong>bellare</strong></span> <span class='ocrx_word' id='word_1_49' title='bbox 1175 689 1308 775; x_wconf 85' lang='lat' dir='ltr'><strong>destitit,</strong></span> 
     </span>
     <span class='ocr_line' id='line_1_7' title="bbox 132 772 1309 857; baseline 0.006 -22"><span class='ocrx_word' id='word_1_50' title='bbox 132 795 230 857; x_wconf 90' lang='lat' dir='ltr'><strong>quam</strong></span> <span class='ocrx_word' id='word_1_51' title='bbox 248 772 394 837; x_wconf 74' lang='lat' dir='ltr'><strong>Messene</strong></span> <span class='ocrx_word' id='word_1_52' title='bbox 416 773 567 837; x_wconf 89' lang='lat' dir='ltr'><strong>restituta</strong></span> <span class='ocrx_word' id='word_1_53' title='bbox 589 774 702 838; x_wconf 91' lang='lat' dir='ltr'><strong>urbem</strong></span> <span class='ocrx_word' id='word_1_54' title='bbox 725 796 836 838; x_wconf 85' lang='lat' dir='ltr'><strong>corum</strong></span> <span class='ocrx_word' id='word_1_55' title='bbox 860 775 1027 840; x_wconf 87' lang='lat' dir='ltr'><strong>obsidione</strong></span> <span class='ocrx_word' id='word_1_56' title='bbox 1045 775 1179 842; x_wconf 88' lang='lat' dir='ltr'><strong>clausit&#39;.</strong></span> <span class='ocrx_word' id='word_1_57' title='bbox 1220 776 1309 842; x_wconf 86' lang='lat' dir='ltr'><strong>Haec</strong></span> 
     </span>
     <span class='ocr_line' id='line_1_8' title="bbox 132 861 1309 950; baseline 0.004 -25"><span class='ocrx_word' id='word_1_58' title='bbox 132 882 205 925; x_wconf 86' lang='lat' dir='ltr'><strong>cum</strong></span> <span class='ocrx_word' id='word_1_59' title='bbox 233 861 380 946; x_wconf 83' lang='lat' dir='ltr'><strong>dixisset,</strong></span> <span class='ocrx_word' id='word_1_60' title='bbox 407 861 491 938; x_wconf 89' lang='lat' dir='ltr'><strong>risus</strong></span> <span class='ocrx_word' id='word_1_61' title='bbox 515 862 659 926; x_wconf 88' lang='lat' dir='ltr'><strong>omnium</strong></span> <span class='ocrx_word' id='word_1_62' title='bbox 682 885 755 927; x_wconf 90' lang='lat' dir='ltr'><strong>cum</strong></span> <span class='ocrx_word' id='word_1_63' title='bbox 778 862 941 928; x_wconf 81' lang='lat' dir='ltr'><strong>hilaritate</strong></span> <span class='ocrx_word' id='word_1_64' title='bbox 965 869 1094 929; x_wconf 87' lang='lat' dir='ltr'><strong>coortus</strong></span> <span class='ocrx_word' id='word_1_65' title='bbox 1118 872 1178 950; x_wconf 90' lang='lat' dir='ltr'><strong>est,</strong></span> <span class='ocrx_word' id='word_1_66' title='bbox 1205 887 1309 950; x_wconf 87' lang='lat' dir='ltr'><strong>neque</strong></span> 
     </span>
     <span class='ocr_line' id='line_1_9' title="bbox 132 949 1309 1037; baseline 0.003 -24"><span class='ocrx_word' id='word_1_67' title='bbox 132 950 304 1033; x_wconf 90' lang='lat' dir='ltr'><strong>quisquam</strong></span> <span class='ocrx_word' id='word_1_68' title='bbox 326 949 423 1015; x_wconf 89' lang='lat' dir='ltr'><strong>iudex</strong></span> <span class='ocrx_word' id='word_1_69' title='bbox 446 972 543 1014; x_wconf 88' lang='lat' dir='ltr'><strong>ausus</strong></span> <span class='ocrx_word' id='word_1_70' title='bbox 562 955 615 1015; x_wconf 89' lang='lat' dir='ltr'><strong>ast·</strong></span> <span class='ocrx_word' id='word_1_71' title='bbox 629 951 669 1016; x_wconf 90' lang='lat' dir='ltr'><strong>de</strong></span> <span class='ocrx_word' id='word_1_72' title='bbox 688 973 725 1016; x_wconf 93' lang='lat' dir='ltr'><strong>eo</strong></span> <span class='ocrx_word' id='word_1_73' title='bbox 744 951 828 1016; x_wconf 86' lang='lat' dir='ltr'><strong>ferre</strong></span> <span class='ocrx_word' id='word_1_74' title='bbox 846 952 1045 1037; x_wconf 83' lang='lat' dir='ltr'><strong>suffragium.</strong></span> <span class='ocrx_word' id='word_1_75' title='bbox 1081 951 1134 1018; x_wconf 83' lang='lat' dir='ltr'><strong>Sic</strong></span> <span class='ocrx_word' id='word_1_76' title='bbox 1152 977 1172 1018; x_wconf 93' lang='lat' dir='ltr'><strong>a</strong></span> <span class='ocrx_word' id='word_1_77' title='bbox 1189 954 1309 1019; x_wconf 91' lang='lat' dir='ltr'><strong>iudicio</strong></span> 
     </span>
     <span class='ocr_line' id='line_1_10' title="bbox 131 1037 714 1126; baseline 0.003 -25"><span class='ocrx_word' id='word_1_78' title='bbox 131 1038 247 1123; x_wconf 86' lang='lat' dir='ltr'><strong>capitis</strong></span> <span class='ocrx_word' id='word_1_79' title='bbox 270 1037 411 1102; x_wconf 90' lang='lat' dir='ltr'><strong>maxima</strong></span> <span class='ocrx_word' id='word_1_80' title='bbox 432 1039 580 1103; x_wconf 82' lang='lat' dir='ltr'><strong>discessit</strong></span> <span class='ocrx_word' id='word_1_81' title='bbox 601 1038 714 1126; x_wconf 81' lang='lat' dir='ltr'><strong>gloria.</strong></span> 
     </span>
     <span class='ocr_line' id='line_1_11' title="bbox 77 1126 1393 1214; baseline 0 -19"><span class='ocrx_word' id='word_1_82' title='bbox 77 1153 117 1195; x_wconf 75' lang='lat' dir='ltr'><strong>aaa</strong></span> <span class='ocrx_word' id='word_1_83' title='bbox 221 1129 250 1189; x_wconf 88' lang='grc'><strong>9.</strong></span> <span class='ocrx_word' id='word_1_84' title='bbox 278 1126 341 1191; x_wconf 86' lang='lat' dir='ltr'><strong>Hic</strong></span> <span class='ocrx_word' id='word_1_85' title='bbox 364 1131 507 1192; x_wconf 86' lang='lat' dir='ltr'><strong>extremo</strong></span> <span class='ocrx_word' id='word_1_86' title='bbox 530 1131 674 1213; x_wconf 89' lang='lat' dir='ltr'><strong>tempora</strong></span> <span class='ocrx_word' id='word_1_87' title='bbox 701 1128 877 1214; x_wconf 85' lang='lat' dir='ltr'><strong>imperator</strong></span> <span class='ocrx_word' id='word_1_88' title='bbox 904 1129 989 1214; x_wconf 90' lang='lat' dir='ltr'><strong>apud</strong></span> <span class='ocrx_word' id='word_1_89' title='bbox 1011 1129 1208 1195; x_wconf 68' lang='lat' dir='ltr'><strong>Mantinaam</strong></span> <span class='ocrx_word' id='word_1_90' title='bbox 1236 1152 1308 1194; x_wconf 89' lang='lat' dir='ltr'><strong>cum</strong></span> <span class='ocrx_word' id='word_1_91' title='bbox 1391 1140 1393 1145; x_wconf 86' lang='lat'>&#39;</span> 
     </span>
     <span class='ocr_line' id='line_1_12' title="bbox 130 1215 1306 1304; baseline 0.004 -26"><span class='ocrx_word' id='word_1_92' title='bbox 130 1216 198 1279; x_wconf 86' lang='lat' dir='ltr'><strong>acie</strong></span> <span class='ocrx_word' id='word_1_93' title='bbox 221 1215 379 1280; x_wconf 86' lang='lat' dir='ltr'><strong>instructa</strong></span> <span class='ocrx_word' id='word_1_94' title='bbox 402 1216 553 1281; x_wconf 81' lang='lat' dir='ltr'><strong>audacius</strong></span> <span class='ocrx_word' id='word_1_95' title='bbox 577 1216 713 1281; x_wconf 84' lang='lat' dir='ltr'><strong>instaret</strong></span> <span class='ocrx_word' id='word_1_96' title='bbox 735 1216 898 1304; x_wconf 88' lang='lat' dir='ltr'><strong>hostibus,</strong></span> <span class='ocrx_word' id='word_1_97' title='bbox 926 1217 1081 1304; x_wconf 82' lang='lat' dir='ltr'><strong>cognitus.</strong></span> <span class='ocrx_word' id='word_1_98' title='bbox 1101 1223 1151 1283; x_wconf 90' lang='lat' dir='ltr'><strong>est</strong></span> <span class='ocrx_word' id='word_1_99' title='bbox 1173 1241 1192 1282; x_wconf 93' lang='lat' dir='ltr'><strong>a</strong></span> <span class='ocrx_word' id='word_1_100' title='bbox 1214 1218 1306 1284; x_wconf 86' lang='lat' dir='ltr'><strong>Lace-</strong></span> 
     </span>
     <span class='ocr_line' id='line_1_13' title="bbox 131 1303 1308 1391; baseline 0.004 -25"><span class='ocrx_word' id='word_1_101' title='bbox 131 1303 321 1369; x_wconf 86' lang='lat' dir='ltr'><strong>daemoniis:</strong></span> <span class='ocrx_word' id='word_1_102' title='bbox 358 1305 413 1387; x_wconf 91' lang='lat' dir='ltr'><strong>qui</strong></span> <span class='ocrx_word' id='word_1_103' title='bbox 451 1304 537 1388; x_wconf 90' lang='lat' dir='ltr'><strong>quod</strong></span> <span class='ocrx_word' id='word_1_104' title='bbox 573 1305 606 1369; x_wconf 90' lang='lat' dir='ltr'><strong>in</strong></span> <span class='ocrx_word' id='word_1_105' title='bbox 643 1305 739 1370; x_wconf 90' lang='lat' dir='ltr'><strong>unius</strong></span> <span class='ocrx_word' id='word_1_106' title='bbox 775 1306 916 1390; x_wconf 88' lang='lat' dir='ltr'><strong>pernicie</strong></span> <span class='ocrx_word' id='word_1_107' title='bbox 953 1306 1022 1371; x_wconf 91' lang='lat' dir='ltr'><strong>eius</strong></span> <span class='ocrx_word' id='word_1_108' title='bbox 1053 1307 1176 1391; x_wconf 86' lang='lat' dir='ltr'><strong>patriae</strong></span> <span class='ocrx_word' id='word_1_109' title='bbox 1212 1307 1308 1376; x_wconf 89' lang='lat' dir='ltr'><strong>sitam</strong></span> 
     </span>
     <span class='ocr_line' id='line_1_14' title="bbox 130 1392 1308 1481; baseline 0.002 -24"><span class='ocrx_word' id='word_1_110' title='bbox 130 1392 290 1476; x_wconf 83' lang='lat' dir='ltr'><strong>&#39;putabant</strong></span> <span class='ocrx_word' id='word_1_111' title='bbox 312 1392 463 1477; x_wconf 86' lang='lat' dir='ltr'><strong>salutem,</strong></span> <span class='ocrx_word' id='word_1_112' title='bbox 490 1393 632 1459; x_wconf 84' lang='lat' dir='ltr'><strong>universi</strong></span> <span class='ocrx_word' id='word_1_113' title='bbox 659 1394 694 1458; x_wconf 92' lang='lat' dir='ltr'><strong>in</strong></span> <span class='ocrx_word' id='word_1_114' title='bbox 721 1416 822 1459; x_wconf 91' lang='lat' dir='ltr'><strong>unum</strong></span> <span class='ocrx_word' id='word_1_115' title='bbox 849 1395 1006 1481; x_wconf 92' lang='lat' dir='ltr'><strong>impetum</strong></span> <span class='ocrx_word' id='word_1_116' title='bbox 1032 1396 1178 1460; x_wconf 84' lang='lat' dir='ltr'><strong>fecerunt</strong></span> <span class='ocrx_word' id='word_1_117' title='bbox 1205 1417 1308 1480; x_wconf 88' lang='lat' dir='ltr'><strong>nequa</strong></span> 
     </span>
     <span class='ocr_line' id='line_1_15' title="bbox 129 1480 1308 1569; baseline 0.003 -25"><span class='ocrx_word' id='word_1_118' title='bbox 129 1482 220 1565; x_wconf 89' lang='lat' dir='ltr'><strong>prius</strong></span> <span class='ocrx_word' id='word_1_119' title='bbox 244 1480 479 1566; x_wconf 85' lang='lat' dir='ltr'><strong>abscesserunt,</strong></span> <span class='ocrx_word' id='word_1_120' title='bbox 507 1504 604 1566; x_wconf 88' lang='lat' dir='ltr'><strong>quam</strong></span> <span class='ocrx_word' id='word_1_121' title='bbox 626 1505 744 1569; x_wconf 82' lang='lat' dir='ltr'><strong>magna</strong></span> <span class='ocrx_word' id='word_1_122' title='bbox 767 1483 862 1548; x_wconf 81' lang='lat' dir='ltr'><strong>caede</strong></span> <span class='ocrx_word' id='word_1_123' title='bbox 885 1483 971 1548; x_wconf 89' lang='lat' dir='ltr'><strong>adita</strong></span> <span class='ocrx_word' id='word_1_124' title='bbox 994 1483 1169 1569; x_wconf 86' lang='lat' dir='ltr'><strong>multisque</strong></span> <span class='ocrx_word' id='word_1_125' title='bbox 1195 1484 1308 1550; x_wconf 58' lang='lat' dir='ltr'><strong>corticis</strong></span> 
     </span>
     <span class='ocr_line' id='line_1_16' title="bbox 129 1569 1308 1658; baseline 0.003 -26"><span class='ocrx_word' id='word_1_126' title='bbox 129 1570 305 1634; x_wconf 87' lang='lat' dir='ltr'><strong>fortissime</strong></span> <span class='ocrx_word' id='word_1_127' title='bbox 334 1571 439 1654; x_wconf 90' lang='lat' dir='ltr'><strong>ipsum</strong></span> <span class='ocrx_word' id='word_1_128' title='bbox 462 1569 720 1655; x_wconf 75' lang='lat' dir='ltr'><strong>Epaminondam</strong></span> <span class='ocrx_word' id='word_1_129' title='bbox 747 1576 945 1658; x_wconf 78' lang='lat' dir='ltr'><strong>pugnantem</strong></span> <span class='ocrx_word' id='word_1_130' title='bbox 968 1593 1063 1656; x_wconf 89' lang='lat' dir='ltr'><strong>sparo</strong></span> <span class='ocrx_word' id='word_1_131' title='bbox 1087 1572 1211 1636; x_wconf 90' lang='lat' dir='ltr'><strong>eminus</strong></span> <span class='ocrx_word' id='word_1_132' title='bbox 1237 1594 1308 1657; x_wconf 88' lang='lat' dir='ltr'><strong>pcr-</strong></span> 
     </span>
     <span class='ocr_line' id='line_1_17' title="bbox 94 1658 1308 1745; baseline 0 -21"><span class='ocrx_word' id='word_1_133' title='bbox 94 1677 258 1724; x_wconf 80' lang='lat' dir='ltr'><strong>2cussum</strong></span> <span class='ocrx_word' id='word_1_134' title='bbox 286 1658 452 1723; x_wconf 87' lang='lat' dir='ltr'><strong>concidere</strong></span> <span class='ocrx_word' id='word_1_135' title='bbox 478 1658 636 1733; x_wconf 75' lang='lat' dir='ltr'><strong>viderunt.</strong></span> <span class='ocrx_word' id='word_1_136' title='bbox 686 1659 793 1724; x_wconf 91' lang='lat' dir='ltr'><strong>Huius</strong></span> <span class='ocrx_word' id='word_1_137' title='bbox 821 1681 897 1724; x_wconf 89' lang='lat' dir='ltr'><strong>casu</strong></span> <span class='ocrx_word' id='word_1_138' title='bbox 924 1660 1126 1745; x_wconf 87' lang='lat' dir='ltr'><strong>aliquantum</strong></span> <span class='ocrx_word' id='word_1_139' title='bbox 1153 1660 1308 1725; x_wconf 81' lang='lat' dir='ltr'><strong>retardati</strong></span> 
     </span>
     <span class='ocr_line' id='line_1_18' title="bbox 129 1746 1308 1835; baseline 0.003 -25"><span class='ocrx_word' id='word_1_140' title='bbox 129 1752 206 1810; x_wconf 90' lang='lat' dir='ltr'><strong>sunt</strong></span> <span class='ocrx_word' id='word_1_141' title='bbox 236 1746 378 1831; x_wconf 90' lang='lat' dir='ltr'><strong>Boeotii,</strong></span> <span class='ocrx_word' id='word_1_142' title='bbox 409 1768 513 1830; x_wconf 89' lang='lat' dir='ltr'><strong>neque</strong></span> <span class='ocrx_word' id='word_1_143' title='bbox 545 1752 652 1812; x_wconf 84' lang='lat' dir='ltr'><strong>tamen</strong></span> <span class='ocrx_word' id='word_1_144' title='bbox 685 1748 776 1831; x_wconf 90' lang='lat' dir='ltr'><strong>prius</strong></span> <span class='ocrx_word' id='word_1_145' title='bbox 811 1769 922 1834; x_wconf 80' lang='lat' dir='ltr'><strong>pugna</strong></span> <span class='ocrx_word' id='word_1_146' title='bbox 957 1753 1174 1835; x_wconf 84' lang='lat' dir='ltr'><strong>excesserunt,</strong></span> <span class='ocrx_word' id='word_1_147' title='bbox 1211 1771 1308 1833; x_wconf 86' lang='lat' dir='ltr'><strong>quam</strong></span> 
     </span>
     <span class='ocr_line' id='line_1_19' title="bbox 94 1834 1309 1923; baseline 0.001 -22"><span class='ocrx_word' id='word_1_148' title='bbox 94 1835 453 1920; x_wconf 82' lang='lat' dir='ltr'><strong>srapugnantisprofli</strong></span> <span class='ocrx_word' id='word_1_149' title='bbox 496 1840 580 1900; x_wconf 90' lang='lat' dir='ltr'><strong>runt.</strong></span> <span class='ocrx_word' id='word_1_150' title='bbox 618 1835 664 1900; x_wconf 86' lang='lat' dir='ltr'><strong>At</strong></span> <span class='ocrx_word' id='word_1_151' title='bbox 680 1834 930 1923; x_wconf 82' lang='lat' dir='ltr'><strong>Epaminondas,</strong></span> <span class='ocrx_word' id='word_1_152' title='bbox 950 1849 1023 1902; x_wconf 87' lang='lat' dir='ltr'><strong>cum</strong></span> <span class='ocrx_word' id='word_1_153' title='bbox 1041 1837 1309 1903; x_wconf 83' lang='lat' dir='ltr'><strong>animadverterat</strong></span> 
     </span>
     <span class='ocr_line' id='line_1_20' title="bbox 127 1857 1307 2016; baseline 0.002 -28"><span class='ocrx_word' id='word_1_154' title='bbox 127 1923 332 1988; x_wconf 86' lang='lat' dir='ltr'><strong>mortiferum</strong></span> <span class='ocrx_word' id='word_1_155' title='bbox 355 1945 389 1987; x_wconf 89' lang='lat' dir='ltr'><strong>se</strong></span> <span class='ocrx_word' id='word_1_156' title='bbox 416 1857 533 1988; x_wconf 69' lang='lat' dir='ltr'><strong>adim</strong></span> <span class='ocrx_word' id='word_1_157' title='bbox 556 1923 716 2008; x_wconf 88' lang='lat' dir='ltr'><strong>accepisse</strong></span> <span class='ocrx_word' id='word_1_158' title='bbox 739 1925 912 2016; x_wconf 85' lang='lat' dir='ltr'><strong>simulque,</strong></span> <span class='ocrx_word' id='word_1_159' title='bbox 940 1925 968 1988; x_wconf 90' lang='lat' dir='ltr'><strong>si</strong></span> <span class='ocrx_word' id='word_1_160' title='bbox 996 1926 1126 2010; x_wconf 85' lang='lat' dir='ltr'><strong>farrum,</strong></span> <span class='ocrx_word' id='word_1_161' title='bbox 1155 1926 1239 2010; x_wconf 93' lang='lat' dir='ltr'><strong>quod</strong></span> <span class='ocrx_word' id='word_1_162' title='bbox 1267 1946 1307 1990; x_wconf 85' lang='lat' dir='ltr'><strong>ax</strong></span> 
     </span>
     <span class='ocr_line' id='line_1_21' title="bbox 128 2011 1307 2097; baseline 0.001 -21"><span class='ocrx_word' id='word_1_163' title='bbox 128 2011 240 2076; x_wconf 89' lang='lat' dir='ltr'><strong>hastili</strong></span> <span class='ocrx_word' id='word_1_164' title='bbox 281 2013 314 2076; x_wconf 92' lang='lat' dir='ltr'><strong>in</strong></span> <span class='ocrx_word' id='word_1_165' title='bbox 356 2033 489 2096; x_wconf 88' lang='lat' dir='ltr'><strong>corpore</strong></span> <span class='ocrx_word' id='word_1_166' title='bbox 525 2017 736 2097; x_wconf 84' lang='lat' dir='ltr'><strong>remanserat,</strong></span> <span class='ocrx_word' id='word_1_167' title='bbox 776 2014 982 2097; x_wconf 88' lang='lat' dir='ltr'><strong>extraxisset,</strong></span> <span class='ocrx_word' id='word_1_168' title='bbox 1018 2013 1158 2077; x_wconf 88' lang='lat' dir='ltr'><strong>animam</strong></span> <span class='ocrx_word' id='word_1_169' title='bbox 1195 2014 1307 2077; x_wconf 88' lang='lat' dir='ltr'><strong>statim</strong></span> 
     </span>
     <span class='ocr_line' id='line_1_22' title="bbox 128 2101 1307 2187; baseline 0.002 -23"><span class='ocrx_word' id='word_1_170' title='bbox 128 2102 334 2185; x_wconf 86' lang='lat' dir='ltr'><strong>emissurum,</strong></span> <span class='ocrx_word' id='word_1_171' title='bbox 360 2121 463 2185; x_wconf 89' lang='lat' dir='ltr'><strong>usquc</strong></span> <span class='ocrx_word' id='word_1_172' title='bbox 490 2122 528 2165; x_wconf 91' lang='lat' dir='ltr'><strong>eo</strong></span> <span class='ocrx_word' id='word_1_173' title='bbox 555 2101 703 2187; x_wconf 88' lang='lat' dir='ltr'><strong>retinuit,</strong></span> <span class='ocrx_word' id='word_1_174' title='bbox 735 2102 841 2186; x_wconf 89' lang='lat' dir='ltr'><strong>quoad</strong></span> <span class='ocrx_word' id='word_1_175' title='bbox 867 2101 1089 2167; x_wconf 88' lang='lat' dir='ltr'><strong>renuntiatum</strong></span> <span class='ocrx_word' id='word_1_176' title='bbox 1117 2106 1166 2166; x_wconf 90' lang='lat' dir='ltr'><strong>est</strong></span> <span class='ocrx_word' id='word_1_177' title='bbox 1192 2101 1307 2166; x_wconf 84' lang='lat' dir='ltr'><strong>vicisse</strong></span> 
     </span>
     <span class='ocr_line' id='line_1_23' title="bbox 91 2185 1308 2276; baseline -0.002 -20"><span class='ocrx_word' id='word_1_178' title='bbox 91 2188 290 2256; x_wconf 81' lang='lat' dir='ltr'><strong>4Boeotios.</strong></span> <span class='ocrx_word' id='word_1_179' title='bbox 334 2185 372 2252; x_wconf 94' lang='lat' dir='ltr'><strong>Id</strong></span> <span class='ocrx_word' id='word_1_180' title='bbox 394 2193 568 2275; x_wconf 87' lang='lat' dir='ltr'><strong>postquam</strong></span> <span class='ocrx_word' id='word_1_181' title='bbox 591 2189 727 2276; x_wconf 88' lang='lat' dir='ltr'><strong>audivit,</strong></span> <span class='ocrx_word' id='word_1_182' title='bbox 751 2188 879 2275; x_wconf 74' lang='lat' dir='ltr'><strong>‘Satis&#39;,</strong></span> <span class='ocrx_word' id='word_1_183' title='bbox 901 2190 1022 2275; x_wconf 89' lang='lat' dir='ltr'><strong>inquit,</strong></span> <span class='ocrx_word' id='word_1_184' title='bbox 1045 2189 1141 2275; x_wconf 74' lang='lat' dir='ltr'><strong>‘vixi3</strong></span> <span class='ocrx_word' id='word_1_185' title='bbox 1168 2190 1308 2254; x_wconf 83' lang='lat' dir='ltr'><strong>invictus</strong></span> 
     </span>
     <span class='ocr_line' id='line_1_24' title="bbox 128 2276 1281 2344; baseline -0.001 -1"><span class='ocrx_word' id='word_1_186' title='bbox 128 2279 214 2343; x_wconf 92' lang='lat' dir='ltr'><strong>enim</strong></span> <span class='ocrx_word' id='word_1_187' title='bbox 237 2277 378 2343; x_wconf 90' lang='lat' dir='ltr'><strong>morior&#39;.</strong></span> <span class='ocrx_word' id='word_1_188' title='bbox 424 2276 507 2342; x_wconf 80' lang='lat' dir='ltr'><strong>Tum</strong></span> <span class='ocrx_word' id='word_1_189' title='bbox 529 2279 615 2342; x_wconf 85' lang='lat' dir='ltr'><strong>ferro</strong></span> <span class='ocrx_word' id='word_1_190' title='bbox 639 2282 783 2344; x_wconf 86' lang='lat' dir='ltr'><strong>extracto</strong></span> <span class='ocrx_word' id='word_1_191' title='bbox 807 2279 977 2343; x_wconf 89' lang='lat' dir='ltr'><strong>confestim</strong></span> <span class='ocrx_word' id='word_1_192' title='bbox 1000 2278 1201 2343; x_wconf 88' lang='lat' dir='ltr'><strong>exanimatus</strong></span> <span class='ocrx_word' id='word_1_193' title='bbox 1224 2282 1281 2343; x_wconf 90' lang='lat' dir='ltr'><strong>est.</strong></span> 
     </span>
     <span class='ocr_line' id='line_1_25' title="bbox 219 2365 1307 2451; baseline 0 -21"><span class='ocrx_word' id='word_1_194' title='bbox 219 2367 268 2431; x_wconf 89' lang='lat'><strong>10.</strong></span> <span class='ocrx_word' id='word_1_195' title='bbox 296 2365 359 2430; x_wconf 91' lang='lat' dir='ltr'><strong>Hic</strong></span> <span class='ocrx_word' id='word_1_196' title='bbox 381 2388 515 2431; x_wconf 85' lang='lat' dir='ltr'><strong>uxorem</strong></span> <span class='ocrx_word' id='word_1_197' title='bbox 539 2389 705 2451; x_wconf 91' lang='lat' dir='ltr'><strong>nunquam</strong></span> <span class='ocrx_word' id='word_1_198' title='bbox 733 2367 834 2431; x_wconf 87' lang='lat' dir='ltr'><strong>duxit.</strong></span> <span class='ocrx_word' id='word_1_199' title='bbox 880 2365 918 2431; x_wconf 92' lang='lat' dir='ltr'><strong>In</strong></span> <span class='ocrx_word' id='word_1_200' title='bbox 946 2389 1011 2451; x_wconf 91' lang='lat' dir='ltr'><strong>quo</strong></span> <span class='ocrx_word' id='word_1_201' title='bbox 1039 2389 1111 2431; x_wconf 91' lang='lat' dir='ltr'><strong>cum</strong></span> <span class='ocrx_word' id='word_1_202' title='bbox 1139 2367 1307 2451; x_wconf 82' lang='lat' dir='ltr'><strong>reprehen-</strong></span> 
     </span>
     <span class='ocr_line' id='line_1_26' title="bbox 127 2454 1308 2540; baseline 0.001 -21"><span class='ocrx_word' id='word_1_203' title='bbox 127 2455 257 2522; x_wconf 87' lang='lat' dir='ltr'><strong>deretur</strong></span> <span class='ocrx_word' id='word_1_204' title='bbox 292 2477 311 2518; x_wconf 90' lang='lat' dir='ltr'><strong>a</strong></span> <span class='ocrx_word' id='word_1_205' title='bbox 347 2454 514 2540; x_wconf 87' lang='lat' dir='ltr'><strong>Pelopida,</strong></span> <span class='ocrx_word' id='word_1_206' title='bbox 551 2455 606 2540; x_wconf 91' lang='lat' dir='ltr'><strong>qui</strong></span> <span class='ocrx_word' id='word_1_207' title='bbox 642 2456 746 2519; x_wconf 85' lang='lat' dir='ltr'><strong>filium</strong></span> <span class='ocrx_word' id='word_1_208' title='bbox 778 2455 920 2522; x_wconf 89' lang='lat' dir='ltr'><strong>habebat</strong></span> <span class='ocrx_word' id='word_1_209' title='bbox 959 2455 1125 2538; x_wconf 88' lang='lat' dir='ltr'><strong>infamem,</strong></span> <span class='ocrx_word' id='word_1_210' title='bbox 1160 2454 1308 2540; x_wconf 86' lang='lat' dir='ltr'><strong>maleque</strong></span> 
     </span>
    </p>
   </div>
   <div class='ocr_carea' id='block_1_3' title="bbox 35 2699 1307 4262">
    <p class='ocr_par' dir='ltr' id='par_1_3' title="bbox 126 2699 1307 2852">
     <span class='ocr_line' id='line_1_27' title="bbox 126 2699 1307 2769; baseline 0 -15"><span class='ocrx_word' id='word_1_211' title='bbox 126 2716 155 2754; x_wconf 84' lang='lat' dir='ltr'><strong>se</strong></span> <span class='ocrx_word' id='word_1_212' title='bbox 173 2702 305 2754; x_wconf 86' lang='lat' dir='ltr'><strong>erwartet</strong></span> <span class='ocrx_word' id='word_1_213' title='bbox 322 2717 388 2754; x_wconf 90' lang='lat' dir='ltr'><strong>man</strong></span> <span class='ocrx_word' id='word_1_214' title='bbox 408 2704 474 2755; x_wconf 89' lang='lat' dir='ltr'><strong>ante</strong></span> <span class='ocrx_word' id='word_1_215' title='bbox 493 2717 565 2755; x_wconf 88' lang='lat' dir='ltr'><strong>eum.</strong></span> <span class='ocrx_word' id='word_1_216' title='bbox 585 2732 619 2740; x_wconf 86' lang='lat'>-</span> <span class='ocrx_word' id='word_1_217' title='bbox 639 2701 690 2754; x_wconf 90' lang='lat' dir='ltr'><strong>Be·</strong></span> <span class='ocrx_word' id='word_1_218' title='bbox 765 2700 857 2754; x_wconf 88' lang='lat' dir='ltr'><strong>eben’.</strong></span> <span class='ocrx_word' id='word_1_219' title='bbox 874 2731 907 2740; x_wconf 92' lang='lat'>-</span> <span class='ocrx_word' id='word_1_220' title='bbox 922 2701 1022 2769; x_wconf 73' lang='lat' dir='ltr'><strong>capitia</strong></span> <span class='ocrx_word' id='word_1_221' title='bbox 1042 2699 1123 2752; x_wconf 78' lang='lat' dir='ltr'><strong>‘dher</strong></span> <span class='ocrx_word' id='word_1_222' title='bbox 1140 2699 1235 2754; x_wconf 85' lang='lat' dir='ltr'><strong>Lebcn</strong></span> <span class='ocrx_word' id='word_1_223' title='bbox 1248 2701 1307 2754; x_wconf 89' lang='lat' dir='ltr'><strong>und</strong></span> 
     </span>
     <span class='ocr_line' id='line_1_28' title="bbox 127 2718 825 2852; baseline 0.001 -28"><span class='ocrx_word' id='word_1_224' title='bbox 127 2773 194 2824; x_wconf 89' lang='lat' dir='ltr'><strong>tone</strong></span> <span class='ocrx_word' id='word_1_225' title='bbox 218 2774 337 2840; x_wconf 76' lang='lat' dir='ltr'><strong>aspicere</strong></span> <span class='ocrx_word' id='word_1_226' title='bbox 363 2771 418 2824; x_wconf 86' lang='lat' dir='ltr'><strong>‘ina</strong></span> <span class='ocrx_word' id='word_1_227' title='bbox 440 2772 521 2852; x_wconf 76' lang='lat' dir='ltr'><strong>Auge</strong></span> <span class='ocrx_word' id='word_1_228' title='bbox 545 2771 689 2825; x_wconf 87' lang='lat' dir='ltr'><strong>achauen’.</strong></span> <span class='ocrx_word' id='word_1_229' title='bbox 745 2718 825 2825; x_wconf 54' lang='lat' dir='ltr'><strong>iod&#39;.</strong></span> 
     </span>
    </p>

    <p class='ocr_par' dir='ltr' id='par_1_4' title="bbox 35 2839 1307 3616">
     <span class='ocr_line' id='line_1_29' title="bbox 165 2839 1307 2911; baseline 0.001 -18"><span class='ocrx_word' id='word_1_230' title='bbox 165 2848 189 2895; x_wconf 86' lang='lat'><strong>4.</strong></span> <span class='ocrx_word' id='word_1_231' title='bbox 209 2844 318 2911; x_wconf 70' lang='lat' dir='ltr'><strong>amque</strong></span> <span class='ocrx_word' id='word_1_232' title='bbox 338 2841 432 2896; x_wconf 88' lang='lat' dir='ltr'><strong>‘baide</strong></span> <span class='ocrx_word' id='word_1_233' title='bbox 451 2841 592 2896; x_wconf 85' lang='lat' dir='ltr'><strong>Terla’.-</strong></span> <span class='ocrx_word' id='word_1_234' title='bbox 605 2842 689 2911; x_wconf 82' lang='lat' dir='ltr'><strong>Spar·</strong></span> <span class='ocrx_word' id='word_1_235' title='bbox 781 2842 811 2896; x_wconf 83' lang='grc'><strong>9.</strong></span> <span class='ocrx_word' id='word_1_236' title='bbox 839 2842 936 2911; x_wconf 85' lang='lat' dir='ltr'><strong>Epam.</strong></span> <span class='ocrx_word' id='word_1_237' title='bbox 966 2841 1041 2910; x_wconf 79' lang='lat' dir='ltr'><strong>siegt</strong></span> <span class='ocrx_word' id='word_1_238' title='bbox 1073 2839 1130 2892; x_wconf 92' lang='lat' dir='ltr'><strong>und</strong></span> <span class='ocrx_word' id='word_1_239' title='bbox 1162 2840 1229 2894; x_wconf 81' lang='lat' dir='ltr'><strong>fallt</strong></span> <span class='ocrx_word' id='word_1_240' title='bbox 1262 2840 1307 2894; x_wconf 91' lang='lat' dir='ltr'><strong>bei</strong></span> 
     </span>
     <span class='ocr_line' id='line_1_30' title="bbox 128 2911 898 2993; baseline 0 -27"><span class='ocrx_word' id='word_1_241' title='bbox 128 2920 185 2966; x_wconf 81' lang='lat' dir='ltr'><strong>tam</strong></span> <span class='ocrx_word' id='word_1_242' title='bbox 199 2920 391 2993; x_wconf 71' lang='lat' dir='ltr'><strong>eppupacreat</strong></span> <span class='ocrx_word' id='word_1_243' title='bbox 408 2912 572 2967; x_wconf 85' lang='lat' dir='ltr'><strong>bezeichnet</strong></span> <span class='ocrx_word' id='word_1_244' title='bbox 585 2912 624 2966; x_wconf 92' lang='lat' dir='ltr'><strong>im</strong></span> <span class='ocrx_word' id='word_1_245' title='bbox 639 2912 691 2966; x_wconf 91' lang='lat' dir='ltr'><strong>all·</strong></span> <span class='ocrx_word' id='word_1_246' title='bbox 745 2911 898 2967; x_wconf 82' lang='lat' dir='ltr'><strong>Mantinea.</strong></span> 
     </span>
     <span class='ocr_line' id='line_1_31' title="bbox 127 2980 1305 3053; baseline -0.002 -16"><span class='ocrx_word' id='word_1_247' title='bbox 127 3000 285 3053; x_wconf 81' lang='lat' dir='ltr'><strong>gemeinen,</strong></span> <span class='ocrx_word' id='word_1_248' title='bbox 304 2983 367 3037; x_wconf 84' lang='lat' dir='ltr'><strong>dass</strong></span> <span class='ocrx_word' id='word_1_249' title='bbox 382 2982 422 3037; x_wconf 87' lang='lat' dir='ltr'><strong>aie</strong></span> <span class='ocrx_word' id='word_1_250' title='bbox 436 2984 515 3038; x_wconf 80' lang='lat' dir='ltr'><strong>hand</strong></span> <span class='ocrx_word' id='word_1_251' title='bbox 534 2983 593 3037; x_wconf 91' lang='lat' dir='ltr'><strong>und</strong></span> <span class='ocrx_word' id='word_1_252' title='bbox 607 2983 691 3039; x_wconf 82' lang='lat' dir='ltr'><strong>Stadt</strong></span> <span class='ocrx_word' id='word_1_253' title='bbox 782 2990 805 3037; x_wconf 90' lang='lat'><strong>1.</strong></span> <span class='ocrx_word' id='word_1_254' title='bbox 826 2982 962 3037; x_wconf 62' lang='lat' dir='ltr'><strong>cudamus</strong></span> <span class='ocrx_word' id='word_1_255' title='bbox 979 2981 1070 3036; x_wconf 82' lang='lat' dir='ltr'><strong>r&#39;ibera</strong></span> <span class='ocrx_word' id='word_1_256' title='bbox 1095 2980 1168 3034; x_wconf 87' lang='lat' dir='ltr'><strong>nach</strong></span> <span class='ocrx_word' id='word_1_257' title='bbox 1186 2981 1219 3035; x_wconf 89' lang='lat' dir='ltr'><strong>A.</strong></span> <span class='ocrx_word' id='word_1_258' title='bbox 1234 2981 1265 3034; x_wconf 93' lang='lat' dir='ltr'><strong>B.</strong></span> <span class='ocrx_word' id='word_1_259' title='bbox 1281 2987 1305 3035; x_wconf 79' lang='grc'><strong>7,</strong></span> 
     </span>
     <span class='ocr_line' id='line_1_32' title="bbox 128 3051 1306 3124; baseline -0.003 -16"><span class='ocrx_word' id='word_1_260' title='bbox 128 3055 180 3109; x_wconf 86' lang='lat' dir='ltr'><strong>der</strong></span> <span class='ocrx_word' id='word_1_261' title='bbox 193 3054 346 3124; x_wconf 86' lang='lat' dir='ltr'><strong>Spartaner</strong></span> <span class='ocrx_word' id='word_1_262' title='bbox 360 3054 450 3109; x_wconf 85' lang='lat' dir='ltr'><strong>aelbst</strong></span> <span class='ocrx_word' id='word_1_263' title='bbox 464 3072 500 3108; x_wconf 91' lang='lat' dir='ltr'><strong>an</strong></span> <span class='ocrx_word' id='word_1_264' title='bbox 537 3053 609 3108; x_wconf 82' lang='lat' dir='ltr'><strong>&#39;ffem</strong></span> <span class='ocrx_word' id='word_1_265' title='bbox 637 3053 691 3108; x_wconf 88' lang='lat' dir='ltr'><strong>Die</strong></span> <span class='ocrx_word' id='word_1_266' title='bbox 744 3085 779 3094; x_wconf 93' lang='grc'>-</span> <span class='ocrx_word' id='word_1_267' title='bbox 798 3054 857 3109; x_wconf 63' lang='grc' dir='ltr'><strong>εἰπε</strong></span> <span class='ocrx_word' id='word_1_268' title='bbox 899 3052 981 3107; x_wconf 75' lang='lat' dir='ltr'><strong>ehtrt</strong></span> <span class='ocrx_word' id='word_1_269' title='bbox 1003 3070 1038 3105; x_wconf 83' lang='lat' dir='ltr'><strong>zu</strong></span> <span class='ocrx_word' id='word_1_270' title='bbox 1061 3052 1157 3119; x_wconf 77' lang='lat' dir='ltr'><strong>anius,</strong></span> <span class='ocrx_word' id='word_1_271' title='bbox 1181 3051 1233 3105; x_wconf 85' lang='lat' dir='ltr'><strong>das</strong></span> <span class='ocrx_word' id='word_1_272' title='bbox 1255 3051 1306 3105; x_wconf 87' lang='lat' dir='ltr'><strong>dea</strong></span> 
     </span>
     <span class='ocr_line' id='line_1_33' title="bbox 128 3120 1306 3195; baseline -0.003 -17"><span class='ocrx_word' id='word_1_273' title='bbox 128 3143 175 3179; x_wconf 85' lang='lat' dir='ltr'><strong>am</strong></span> <span class='ocrx_word' id='word_1_274' title='bbox 203 3124 314 3179; x_wconf 82' lang='lat' dir='ltr'><strong>Schluss</strong></span> <span class='ocrx_word' id='word_1_275' title='bbox 342 3125 485 3180; x_wconf 65' lang='lat' dir='ltr'><strong>eruthnta</strong></span> <span class='ocrx_word' id='word_1_276' title='bbox 536 3125 692 3195; x_wconf 74' lang='lat' dir='ltr'><strong>elagarung</strong></span> <span class='ocrx_word' id='word_1_277' title='bbox 744 3124 872 3194; x_wconf 77' lang='lat' dir='ltr'><strong>grtssarn</strong></span> <span class='ocrx_word' id='word_1_278' title='bbox 918 3122 1074 3177; x_wconf 82' lang='lat' dir='ltr'><strong>achdrucks</strong></span> <span class='ocrx_word' id='word_1_279' title='bbox 1093 3120 1194 3175; x_wconf 84' lang='lat' dir='ltr'><strong>halber</strong></span> <span class='ocrx_word' id='word_1_280' title='bbox 1207 3138 1306 3176; x_wconf 86' lang='lat' dir='ltr'><strong>voran-</strong></span> 
     </span>
     <span class='ocr_line' id='line_1_34' title="bbox 130 3192 1307 3263; baseline 0.001 -14"><span class='ocrx_word' id='word_1_281' title='bbox 130 3197 180 3251; x_wconf 88' lang='lat' dir='ltr'><strong>der</strong></span> <span class='ocrx_word' id='word_1_282' title='bbox 199 3195 283 3250; x_wconf 85' lang='lat' dir='ltr'><strong>Stadt</strong></span> <span class='ocrx_word' id='word_1_283' title='bbox 300 3195 369 3250; x_wconf 82' lang='lat' dir='ltr'><strong>fand</strong></span> <span class='ocrx_word' id='word_1_284' title='bbox 387 3195 468 3251; x_wconf 88' lang='lat' dir='ltr'><strong>nicht</strong></span> <span class='ocrx_word' id='word_1_285' title='bbox 486 3194 525 3250; x_wconf 91' lang='lat' dir='ltr'><strong>im</strong></span> <span class='ocrx_word' id='word_1_286' title='bbox 538 3195 624 3250; x_wconf 86' lang='lat' dir='ltr'><strong>Jahre</strong></span> <span class='ocrx_word' id='word_1_287' title='bbox 638 3201 690 3249; x_wconf 82' lang='grc'><strong>369</strong></span> <span class='ocrx_word' id='word_1_288' title='bbox 745 3195 828 3249; x_wconf 83' lang='lat' dir='ltr'><strong>steht.</strong></span> <span class='ocrx_word' id='word_1_289' title='bbox 839 3226 873 3235; x_wconf 95' lang='lat'>-</span> <span class='ocrx_word' id='word_1_290' title='bbox 885 3195 967 3249; x_wconf 82' lang='lat' dir='ltr'><strong>sitam</strong></span> <span class='ocrx_word' id='word_1_291' title='bbox 978 3219 1012 3240; x_wconf 84' lang='lat'>=</span> <span class='ocrx_word' id='word_1_292' title='bbox 1021 3192 1152 3263; x_wconf 80' lang='lat' dir='ltr'><strong>positam.</strong></span> <span class='ocrx_word' id='word_1_293' title='bbox 1163 3225 1196 3233; x_wconf 90' lang='lat'><em>-</em></span> <span class='ocrx_word' id='word_1_294' title='bbox 1206 3196 1307 3263; x_wconf 67' lang='lat' dir='ltr'><strong>apansa</strong></span> 
     </span>
     <span class='ocr_line' id='line_1_35' title="bbox 128 3262 1306 3336; baseline -0.004 -15"><span class='ocrx_word' id='word_1_295' title='bbox 128 3271 201 3322; x_wconf 87' lang='lat' dir='ltr'><strong>statt</strong></span> <span class='ocrx_word' id='word_1_296' title='bbox 219 3266 341 3336; x_wconf 84' lang='lat' dir='ltr'><strong>(obwohl</strong></span> <span class='ocrx_word' id='word_1_297' title='bbox 355 3266 401 3320; x_wconf 88' lang='lat' dir='ltr'><strong>die</strong></span> <span class='ocrx_word' id='word_1_298' title='bbox 415 3265 565 3321; x_wconf 81' lang='lat' dir='ltr'><strong>Thabanar</strong></span> <span class='ocrx_word' id='word_1_299' title='bbox 580 3265 690 3320; x_wconf 78' lang='lat' dir='ltr'><strong>damula</strong></span> <span class='ocrx_word' id='word_1_300' title='bbox 745 3265 813 3320; x_wconf 88' lang='lat' dir='ltr'><strong>oder</strong></span> <span class='ocrx_word' id='word_1_301' title='bbox 830 3281 952 3334; x_wconf 82' lang='lat' dir='ltr'><strong>sparum,</strong></span> <span class='ocrx_word' id='word_1_302' title='bbox 972 3263 1034 3318; x_wconf 87' lang='lat' dir='ltr'><strong>eina</strong></span> <span class='ocrx_word' id='word_1_303' title='bbox 1058 3264 1111 3317; x_wconf 81' lang='lat' dir='ltr'><strong>Art</strong></span> <span class='ocrx_word' id='word_1_304' title='bbox 1128 3262 1306 3333; x_wconf 85' lang='lat' dir='ltr'><strong>Hellebarde,</strong></span> 
     </span>
     <span class='ocr_line' id='line_1_36' title="bbox 128 3332 1306 3408; baseline -0.004 -16"><span class='ocrx_word' id='word_1_305' title='bbox 128 3337 535 3399; x_wconf 76' lang='lat' dir='ltr'><strong>dichtandieStadt,vordran</strong></span> <span class='ocrx_word' id='word_1_306' title='bbox 573 3340 612 3408; x_wconf 88' lang='lat' dir='ltr'><strong>n),</strong></span> <span class='ocrx_word' id='word_1_307' title='bbox 627 3353 689 3391; x_wconf 88' lang='lat' dir='ltr'><strong>son·</strong></span> <span class='ocrx_word' id='word_1_308' title='bbox 744 3335 891 3407; x_wconf 85' lang='lat' dir='ltr'><strong>dieurap&#39;</strong></span> <span class='ocrx_word' id='word_1_309' title='bbox 939 3333 1060 3388; x_wconf 89' lang='lat' dir='ltr'><strong>lichnur</strong></span> <span class='ocrx_word' id='word_1_310' title='bbox 1073 3332 1149 3388; x_wconf 84' lang='lat' dir='ltr'><strong>baim</strong></span> <span class='ocrx_word' id='word_1_311' title='bbox 1161 3333 1306 3388; x_wconf 85' lang='lat' dir='ltr'><strong>Landvolk</strong></span> 
     </span>
     <span class='ocr_line' id='line_1_37' title="bbox 127 3406 1028 3465; baseline -0.004 -2"><span class='ocrx_word' id='word_1_312' title='bbox 127 3410 197 3465; x_wconf 87' lang='lat' dir='ltr'><strong>dam</strong></span> <span class='ocrx_word' id='word_1_313' title='bbox 217 3412 275 3463; x_wconf 86' lang='lat' dir='ltr'><strong>erat</strong></span> <span class='ocrx_word' id='word_1_314' title='bbox 292 3414 344 3463; x_wconf 75' lang='lat'><strong>862</strong></span> <span class='ocrx_word' id='word_1_315' title='bbox 363 3425 412 3464; x_wconf 87' lang='lat' dir='ltr'><strong>vor</strong></span> <span class='ocrx_word' id='word_1_316' title='bbox 430 3409 480 3463; x_wconf 89' lang='lat' dir='ltr'><strong>der</strong></span> <span class='ocrx_word' id='word_1_317' title='bbox 492 3408 526 3462; x_wconf 84' lang='lat' dir='ltr'><strong>Sc</strong></span> <span class='ocrx_word' id='word_1_318' title='bbox 559 3409 625 3463; x_wconf 79' lang='lat' dir='ltr'><strong>aoht</strong></span> <span class='ocrx_word' id='word_1_319' title='bbox 643 3407 689 3463; x_wconf 89' lang='lat' dir='ltr'><strong>bei</strong></span> <span class='ocrx_word' id='word_1_320' title='bbox 744 3406 774 3460; x_wconf 89' lang='lat' dir='ltr'><strong>in</strong></span> <span class='ocrx_word' id='word_1_321' title='bbox 793 3406 924 3462; x_wconf 82' lang='lat' dir='ltr'><strong>Gabraao</strong></span> <span class='ocrx_word' id='word_1_322' title='bbox 962 3422 1028 3459; x_wconf 83' lang='lat' dir='ltr'><strong>war.</strong></span> 
     </span>
     <span class='ocr_line' id='line_1_38' title="bbox 126 3475 1304 3545; baseline -0.005 -11"><span class='ocrx_word' id='word_1_323' title='bbox 126 3479 282 3534; x_wconf 75' lang='lat' dir='ltr'><strong>Mantinea.</strong></span> <span class='ocrx_word' id='word_1_324' title='bbox 310 3511 344 3520; x_wconf 93' lang='lat'>-</span> <span class='ocrx_word' id='word_1_325' title='bbox 372 3481 441 3535; x_wconf 79' lang='lat' dir='ltr'><strong>satia</strong></span> <span class='ocrx_word' id='word_1_326' title='bbox 471 3480 600 3534; x_wconf 78' lang='lat' dir='ltr'><strong>haberent</strong></span> <span class='ocrx_word' id='word_1_327' title='bbox 632 3479 699 3532; x_wconf 82' lang='lat' dir='ltr'><strong>‘zu-·</strong></span> <span class='ocrx_word' id='word_1_328' title='bbox 781 3485 804 3531; x_wconf 77' lang='lat'><strong>2.</strong></span> <span class='ocrx_word' id='word_1_329' title='bbox 831 3476 889 3532; x_wconf 85' lang='lat' dir='ltr'><strong>Vor</strong></span> <span class='ocrx_word' id='word_1_330' title='bbox 914 3477 1089 3544; x_wconf 76' lang='lat' dir='ltr'><strong>aliquantam</strong></span> <span class='ocrx_word' id='word_1_331' title='bbox 1114 3475 1180 3545; x_wconf 78' lang='lat' dir='ltr'><strong>stige</strong></span> <span class='ocrx_word' id='word_1_332' title='bbox 1210 3476 1304 3528; x_wconf 72' lang='lat' dir='ltr'><strong>‘anm’</strong></span> 
     </span>
     <span class='ocr_line' id='line_1_39' title="bbox 35 3545 1306 3616; baseline -0.005 -12"><span class='ocrx_word' id='word_1_333' title='bbox 35 3557 38 3562; x_wconf 89' lang='lat'>&#39;</span> <span class='ocrx_word' id='word_1_334' title='bbox 127 3551 236 3606; x_wconf 79' lang='lat' dir='ltr'><strong>ffieden</strong></span> <span class='ocrx_word' id='word_1_335' title='bbox 254 3552 369 3604; x_wconf 84' lang='lat' dir='ltr'><strong>waren&#39;.</strong></span> <span class='ocrx_word' id='word_1_336' title='bbox 744 3547 895 3604; x_wconf 83' lang='lat' dir='ltr'><strong>cin-Za</strong></span> <span class='ocrx_word' id='word_1_337' title='bbox 904 3565 989 3616; x_wconf 75' lang='lat' dir='ltr'><strong>aeque</strong></span> <span class='ocrx_word' id='word_1_338' title='bbox 998 3554 1089 3601; x_wconf 82' lang='lat' dir='ltr'><strong>tamea</strong></span> <span class='ocrx_word' id='word_1_339' title='bbox 1102 3545 1157 3616; x_wconf 82' lang='lat' dir='ltr'><strong>vgl.</strong></span> <span class='ocrx_word' id='word_1_340' title='bbox 1173 3548 1205 3600; x_wconf 86' lang='grc' dir='ltr'><strong>Α.</strong></span> <span class='ocrx_word' id='word_1_341' title='bbox 1220 3546 1251 3601; x_wconf 88' lang='lat' dir='ltr'><strong>B.</strong></span> <span class='ocrx_word' id='word_1_342' title='bbox 1263 3552 1306 3614; x_wconf 83' lang='lat'><strong>20,</strong></span> 
     </span>
    </p>

    <p class='ocr_par' dir='ltr' id='par_1_5' title="bbox 126 3615 1307 4262">
     <span class='ocr_line' id='line_1_40' title="bbox 165 3615 1134 3691; baseline -0.007 -15"><span class='ocrx_word' id='word_1_343' title='bbox 165 3629 190 3676; x_wconf 80' lang='lat'><strong>5.</strong></span> <span class='ocrx_word' id='word_1_344' title='bbox 216 3639 301 3691; x_wconf 76' lang='lat' dir='ltr'><strong>aeque</strong></span> <span class='ocrx_word' id='word_1_345' title='bbox 317 3666 322 3676; x_wconf 93' lang='lat'><strong>.</strong></span> <span class='ocrx_word' id='word_1_346' title='bbox 340 3621 485 3676; x_wconf 77' lang='lat' dir='ltr'><strong>..destitit</strong></span> <span class='ocrx_word' id='word_1_347' title='bbox 507 3621 599 3691; x_wconf 71' lang='lat' dir='ltr'><strong>htngt</strong></span> <span class='ocrx_word' id='word_1_348' title='bbox 616 3620 690 3675; x_wconf 90' lang='lat' dir='ltr'><strong>noch</strong></span> <span class='ocrx_word' id='word_1_349' title='bbox 744 3637 778 3672; x_wconf 83' lang='lat' dir='ltr'><strong>au</strong></span> <span class='ocrx_word' id='word_1_350' title='bbox 796 3619 977 3689; x_wconf 66' lang='lat' dir='ltr'><strong>remeantis</strong></span> <span class='ocrx_word' id='word_1_351' title='bbox 995 3617 1027 3671; x_wconf 80' lang='lat' dir='ltr'><strong>A.</strong></span> <span class='ocrx_word' id='word_1_352' title='bbox 1043 3617 1075 3670; x_wconf 92' lang='grc' dir='ltr'><strong>Β.</strong></span> <span class='ocrx_word' id='word_1_353' title='bbox 1096 3615 1134 3670; x_wconf 77' lang='lat' dir='ltr'><strong>lb.</strong></span> 
     </span>
     <span class='ocr_line' id='line_1_41' title="bbox 126 3687 1306 3762; baseline -0.004 -16"><span class='ocrx_word' id='word_1_354' title='bbox 126 3709 182 3746; x_wconf 86' lang='lat' dir='ltr'><strong>von</strong></span> <span class='ocrx_word' id='word_1_355' title='bbox 200 3695 272 3762; x_wconf 80' lang='lat' dir='ltr'><strong>qaod</strong></span> <span class='ocrx_word' id='word_1_356' title='bbox 290 3691 335 3747; x_wconf 89' lang='lat' dir='ltr'><strong>ab.</strong></span> <span class='ocrx_word' id='word_1_357' title='bbox 351 3724 384 3732; x_wconf 93' lang='lat'><em>-</em></span> <span class='ocrx_word' id='word_1_358' title='bbox 400 3692 523 3746; x_wconf 75' lang='lat' dir='ltr'><strong>Messene</strong></span> <span class='ocrx_word' id='word_1_359' title='bbox 541 3691 621 3745; x_wconf 86' lang='lat' dir='ltr'><strong>hatte</strong></span> <span class='ocrx_word' id='word_1_360' title='bbox 636 3689 691 3745; x_wconf 88' lang='lat' dir='ltr'><strong>scit</strong></span> <span class='ocrx_word' id='word_1_361' title='bbox 779 3695 804 3744; x_wconf 81' lang='lat'><strong>3.</strong></span> <span class='ocrx_word' id='word_1_362' title='bbox 819 3691 982 3745; x_wconf 65' lang='lat' dir='ltr'><strong>mrwr&#39;sset</strong></span> <span class='ocrx_word' id='word_1_363' title='bbox 990 3687 1082 3742; x_wconf 79' lang='lat' dir='ltr'><strong>obers.</strong></span> <span class='ocrx_word' id='word_1_364' title='bbox 1094 3687 1168 3742; x_wconf 89' lang='lat' dir='ltr'><strong>nach</strong></span> <span class='ocrx_word' id='word_1_365' title='bbox 1178 3689 1210 3742; x_wconf 85' lang='lat' dir='ltr'><strong>A.</strong></span> <span class='ocrx_word' id='word_1_366' title='bbox 1221 3687 1252 3741; x_wconf 86' lang='lat' dir='ltr'><strong>B.</strong></span> <span class='ocrx_word' id='word_1_367' title='bbox 1264 3693 1306 3742; x_wconf 82' lang='lat'><strong>16.</strong></span> 
     </span>
     <span class='ocr_line' id='line_1_42' title="bbox 127 3757 1307 3832; baseline -0.003 -16"><span class='ocrx_word' id='word_1_368' title='bbox 127 3765 182 3817; x_wconf 89' lang='lat' dir='ltr'><strong>den</strong></span> <span class='ocrx_word' id='word_1_369' title='bbox 213 3761 422 3818; x_wconf 85' lang='lat' dir='ltr'><strong>messenischen</strong></span> <span class='ocrx_word' id='word_1_370' title='bbox 453 3761 575 3832; x_wconf 81' lang='lat' dir='ltr'><strong>Kricgen</strong></span> <span class='ocrx_word' id='word_1_371' title='bbox 607 3765 689 3816; x_wconf 87' lang='lat' dir='ltr'><strong>anter</strong></span> <span class='ocrx_word' id='word_1_372' title='bbox 743 3757 1094 3830; x_wconf 72' lang='lat' dir='ltr'><strong>-asqueeo‘bisaudem</strong></span> <span class='ocrx_word' id='word_1_373' title='bbox 1103 3758 1307 3828; x_wconf 79' lang='lat' dir='ltr'><strong>Angenblick&#39;3</strong></span> 
     </span>
     <span class='ocr_line' id='line_1_43' title="bbox 127 3828 1099 3903; baseline -0.004 -15"><span class='ocrx_word' id='word_1_374' title='bbox 127 3836 178 3888; x_wconf 91' lang='lat' dir='ltr'><strong>der</strong></span> <span class='ocrx_word' id='word_1_375' title='bbox 195 3833 361 3888; x_wconf 78' lang='lat' dir='ltr'><strong>Hcrrschat&#39;t</strong></span> <span class='ocrx_word' id='word_1_376' title='bbox 383 3832 499 3902; x_wconf 79' lang='lat' dir='ltr'><strong>Spartae</strong></span> <span class='ocrx_word' id='word_1_377' title='bbox 518 3833 689 3903; x_wconf 75' lang='lat' dir='ltr'><strong>gastandan:</strong></span> <span class='ocrx_word' id='word_1_378' title='bbox 712 3833 715 3838; x_wconf 79' lang='lat'>&#39;</span> <span class='ocrx_word' id='word_1_379' title='bbox 743 3832 865 3898; x_wconf 62' lang='lat' dir='ltr'><strong>retinuit,</strong></span> <span class='ocrx_word' id='word_1_380' title='bbox 884 3830 969 3884; x_wconf 80' lang='lat' dir='ltr'><strong>nttml.</strong></span> <span class='ocrx_word' id='word_1_381' title='bbox 988 3828 1099 3884; x_wconf 76' lang='lat' dir='ltr'><strong>ferrum.</strong></span> 
     </span>
     <span class='ocr_line' id='line_1_44' title="bbox 127 3900 1306 3970; baseline -0.003 -12"><span class='ocrx_word' id='word_1_382' title='bbox 127 3906 216 3958; x_wconf 86' lang='lat' dir='ltr'><strong>durch</strong></span> <span class='ocrx_word' id='word_1_383' title='bbox 257 3907 383 3960; x_wconf 75' lang='lat' dir='ltr'><strong>restituta</strong></span> <span class='ocrx_word' id='word_1_384' title='bbox 415 3903 453 3957; x_wconf 88' lang='lat' dir='ltr'><strong>ist</strong></span> <span class='ocrx_word' id='word_1_385' title='bbox 485 3903 531 3957; x_wconf 82' lang='lat' dir='ltr'><strong>dic</strong></span> <span class='ocrx_word' id='word_1_386' title='bbox 562 3902 690 3959; x_wconf 86' lang='lat' dir='ltr'><strong>Wiadcr·</strong></span> <span class='ocrx_word' id='word_1_387' title='bbox 780 3902 830 3957; x_wconf 84' lang='lat'><strong>10.</strong></span> <span class='ocrx_word' id='word_1_388' title='bbox 862 3901 916 3955; x_wconf 76' lang='lat' dir='ltr'><strong>uin</strong></span> <span class='ocrx_word' id='word_1_389' title='bbox 947 3900 1095 3955; x_wconf 86' lang='lat' dir='ltr'><strong>Witzwort</strong></span> <span class='ocrx_word' id='word_1_390' title='bbox 1127 3900 1175 3954; x_wconf 86' lang='lat' dir='ltr'><strong>des</strong></span> <span class='ocrx_word' id='word_1_391' title='bbox 1209 3901 1306 3970; x_wconf 76' lang='lat' dir='ltr'><strong>Epam.</strong></span> 
     </span>
     <span class='ocr_line' id='line_1_45' title="bbox 128 3971 1306 4046; baseline -0.004 -17"><span class='ocrx_word' id='word_1_392' title='bbox 128 3976 274 4046; x_wconf 80' lang='lat' dir='ltr'><strong>crhcbung</strong></span> <span class='ocrx_word' id='word_1_393' title='bbox 301 3994 338 4028; x_wconf 85' lang='lat' dir='ltr'><strong>zu</strong></span> <span class='ocrx_word' id='word_1_394' title='bbox 361 3973 453 4028; x_wconf 84' lang='lat' dir='ltr'><strong>ciuem</strong></span> <span class='ocrx_word' id='word_1_395' title='bbox 477 3973 691 4045; x_wconf 72' lang='lat' dir='ltr'><strong>selbsttndigen</strong></span> <span class='ocrx_word' id='word_1_396' title='bbox 744 3971 1306 4040; x_wconf 76' lang='lat' dir='ltr'><strong>dbcracine‘Nachkommenschaft’3sain</strong></span> 
     </span>
     <span class='ocr_line' id='line_1_46' title="bbox 129 4041 1306 4125; baseline -0.005 -25"><span class='ocrx_word' id='word_1_397' title='bbox 129 4049 227 4100; x_wconf 81' lang='lat' dir='ltr'><strong>Staata</strong></span> <span class='ocrx_word' id='word_1_398' title='bbox 242 4046 414 4101; x_wconf 87' lang='lat' dir='ltr'><strong>bezeichnet.</strong></span> <span class='ocrx_word' id='word_1_399' title='bbox 434 4077 467 4084; x_wconf 83' lang='lat'><em>—</em></span> <span class='ocrx_word' id='word_1_400' title='bbox 487 4048 609 4100; x_wconf 75' lang='lat' dir='ltr'><strong>onmium</strong></span> <span class='ocrx_word' id='word_1_401' title='bbox 622 4045 691 4100; x_wconf 65' lang='lat' dir='ltr'><strong>laist</strong></span> <span class='ocrx_word' id='word_1_402' title='bbox 746 4043 931 4125; x_wconf 55' lang='lat' dir='ltr'><strong>voraichtiper</strong></span> <span class='ocrx_word' id='word_1_403' title='bbox 940 4041 1095 4096; x_wconf 84' lang='lat' dir='ltr'><strong>Verhalten</strong></span> <span class='ocrx_word' id='word_1_404' title='bbox 1108 4042 1243 4096; x_wconf 73' lang='lat' dir='ltr'><strong>wahrend</strong></span> <span class='ocrx_word' id='word_1_405' title='bbox 1257 4042 1306 4096; x_wconf 88' lang='lat' dir='ltr'><strong>des</strong></span> 
     </span>
     <span class='ocr_line' id='line_1_47' title="bbox 129 4108 1307 4187; baseline -0.006 -15"><span class='ocrx_word' id='word_1_406' title='bbox 129 4120 190 4172; x_wconf 85' lang='lat' dir='ltr'><strong>sich</strong></span> <span class='ocrx_word' id='word_1_407' title='bbox 209 4118 298 4177; x_wconf 82' lang='lat' dir='ltr'><strong>durch</strong></span> <span class='ocrx_word' id='word_1_408' title='bbox 317 4118 367 4170; x_wconf 82' lang='lat' dir='ltr'><strong>das</strong></span> <span class='ocrx_word' id='word_1_409' title='bbox 385 4116 498 4185; x_wconf 81' lang='lat' dir='ltr'><strong>Adjekt.</strong></span> <span class='ocrx_word' id='word_1_410' title='bbox 516 4115 689 4187; x_wconf 70' lang='lat' dir='ltr'><strong>‘allgenein&#39;</strong></span> <span class='ocrx_word' id='word_1_411' title='bbox 746 4108 964 4185; x_wconf 60' lang='lat' dir='ltr'><strong>Burgarhragm</strong></span> <span class='ocrx_word' id='word_1_412' title='bbox 983 4111 1096 4166; x_wconf 85' lang='lat' dir='ltr'><strong>cndlich</strong></span> <span class='ocrx_word' id='word_1_413' title='bbox 1120 4113 1165 4166; x_wconf 89' lang='lat' dir='ltr'><strong>ain</strong></span> <span class='ocrx_word' id='word_1_414' title='bbox 1184 4111 1307 4168; x_wconf 82' lang='lat' dir='ltr'><strong>Schluss-</strong></span> 
     </span>
     <span class='ocr_line' id='line_1_48' title="bbox 130 4183 1307 4262; baseline -0.005 -20"><span class='ocrx_word' id='word_1_415' title='bbox 130 4189 333 4262; x_wconf 82' lang='lat' dir='ltr'><strong>wiadargcben.</strong></span> <span class='ocrx_word' id='word_1_416' title='bbox 343 4220 378 4228; x_wconf 88' lang='lat'>-</span> <span class='ocrx_word' id='word_1_417' title='bbox 388 4186 428 4240; x_wconf 88' lang='lat' dir='ltr'><strong>Zu</strong></span> <span class='ocrx_word' id='word_1_418' title='bbox 446 4204 531 4257; x_wconf 70' lang='lat' dir='ltr'><strong>aequa</strong></span> <span class='ocrx_word' id='word_1_419' title='bbox 548 4189 692 4257; x_wconf 51' lang='lat' dir='ltr'><strong>micenam</strong></span> <span class='ocrx_word' id='word_1_420' title='bbox 746 4189 818 4240; x_wconf 79' lang='lat' dir='ltr'><strong>wort</strong></span> <span class='ocrx_word' id='word_1_421' title='bbox 835 4185 906 4239; x_wconf 79' lang='lat' dir='ltr'><strong>dher</strong></span> <span class='ocrx_word' id='word_1_422' title='bbox 920 4183 996 4238; x_wconf 77' lang='lat' dir='ltr'><strong>aeine</strong></span> <span class='ocrx_word' id='word_1_423' title='bbox 1010 4183 1178 4253; x_wconf 83' lang='lat' dir='ltr'><strong>Bedeutung</strong></span> <span class='ocrx_word' id='word_1_424' title='bbox 1194 4184 1240 4237; x_wconf 77' lang='lat' dir='ltr'><strong>fur</strong></span> <span class='ocrx_word' id='word_1_425' title='bbox 1253 4184 1307 4237; x_wconf 88' lang='lat' dir='ltr'><strong>den</strong></span> 
     </span>
    </p>
   </div>
   <div class='ocr_carea' id='block_1_4' title="bbox 135 4255 1308 4400">
    <p class='ocr_par' dir='ltr' id='par_1_6' title="bbox 135 4255 1308 4400">
     <span class='ocr_line' id='line_1_49' title="bbox 135 4255 1083 4382; baseline -0.004 -70"><span class='ocrx_word' id='word_1_426' title='bbox 135 4262 183 4331; x_wconf 79' lang='lat' dir='ltr'><strong>:gh</strong></span> <span class='ocrx_word' id='word_1_427' title='bbox 203 4263 235 4315; x_wconf 93' lang='lat' dir='ltr'><strong>A.</strong></span> <span class='ocrx_word' id='word_1_428' title='bbox 251 4260 282 4313; x_wconf 91' lang='lat' dir='ltr'><strong>B.</strong></span> <span class='ocrx_word' id='word_1_429' title='bbox 297 4266 321 4313; x_wconf 83' lang='lat'><strong>5.</strong></span> <span class='ocrx_word' id='word_1_430' title='bbox 360 4291 393 4298; x_wconf 94' lang='lat'><strong>—</strong></span> <span class='ocrx_word' id='word_1_431' title='bbox 430 4260 595 4382; x_wconf 68' lang='lat' dir='ltr'><strong>eteffrapiam</strong></span> <span class='ocrx_word' id='word_1_432' title='bbox 622 4261 693 4326; x_wconf 73' lang='lat' dir='ltr'><strong>ferre</strong></span> <span class='ocrx_word' id='word_1_433' title='bbox 747 4256 831 4311; x_wconf 78' lang='lat' dir='ltr'><strong>Staat</strong></span> <span class='ocrx_word' id='word_1_434' title='bbox 848 4255 971 4310; x_wconf 77' lang='lat' dir='ltr'><strong>Theben.</strong></span> <span class='ocrx_word' id='word_1_435' title='bbox 1001 4325 1006 4334; x_wconf 35' lang='grc' dir='ltr'>Ι</span> <span class='ocrx_word' id='word_1_436' title='bbox 1078 4325 1083 4336; x_wconf 40' lang='grc' dir='ltr'>Ι</span> 
     </span>
     <span class='ocr_line' id='line_1_50' title="bbox 141 4325 1308 4400; baseline -0.006 -15"><span class='ocrx_word' id='word_1_437' title='bbox 141 4333 219 4385; x_wconf 62' lang='lat' dir='ltr'><strong>,scine</strong></span> <span class='ocrx_word' id='word_1_438' title='bbox 256 4331 373 4384; x_wconf 84' lang='lat' dir='ltr'><strong>Stimme</strong></span> <span class='ocrx_word' id='word_1_439' title='bbox 415 4329 606 4400; x_wconf 73' lang='lat' dir='ltr'><strong>(cigenticha)</strong></span> <span class='ocrx_word' id='word_1_440' title='bbox 644 4330 691 4383; x_wconf 89' lang='lat' dir='ltr'><strong>ab·</strong></span> <span class='ocrx_word' id='word_1_441' title='bbox 785 4335 808 4381; x_wconf 90' lang='lat'><strong>1.</strong></span> <span class='ocrx_word' id='word_1_442' title='bbox 836 4328 874 4381; x_wconf 79' lang='lat' dir='ltr'><strong>Ia</strong></span> <span class='ocrx_word' id='word_1_443' title='bbox 902 4344 954 4395; x_wconf 77' lang='lat' dir='ltr'><strong>qao</strong></span> <span class='ocrx_word' id='word_1_444' title='bbox 988 4327 1028 4378; x_wconf 84' lang='lat' dir='ltr'><strong>‘m</strong></span> <span class='ocrx_word' id='word_1_445' title='bbox 1056 4327 1162 4380; x_wconf 81' lang='lat' dir='ltr'><strong>diesem</strong></span> <span class='ocrx_word' id='word_1_446' title='bbox 1188 4325 1308 4392; x_wconf 83' lang='lat' dir='ltr'><strong>Punhte,</strong></span> 
     </span>
    </p>
   </div>
   <div class='ocr_carea' id='block_1_5' title="bbox 0 0 1430 4740">
    <p class='ocr_par' dir='ltr' id='par_1_7' title="bbox 0 0 1430 4740">
     <span class='ocr_line' id='line_1_51' title="bbox 0 0 1430 4740; baseline 0 0"><span class='ocrx_word' id='word_1_447' title='bbox 0 0 1430 4740; x_wconf 95' lang='lat' dir='ltr'><strong> </strong></span> 
     </span>
    </p>
   </div>
  </div>
 </body>
</html>
