2850 4740
129 170 172 236 88
405 171 462 226 XV.
491 171 762 227 EPAMINONDAS.
801 172 878 227 caP.
897 179 922 227 8.
942 179 966 228 9.
988 180 1029 228 10.

95 332 329 398 4Bocotorum
361 342 459 398 ausus¹
491 339 541 398 est
572 334 713 418 aspicere
743 335 776 398 in
804 336 885 420 acie,
917 335 1067 421 quodque
1093 360 1158 402 uno
1184 340 1308 424 proelio

130 443 195 486 non
224 422 328 486 solum
357 421 484 486 Thebas
513 422 553 486 ab
581 422 715 487 interitu
742 424 891 508 retraxit,
919 424 975 488 sed
1001 425 1100 490 etiam
1127 427 1307 492 universam

131 508 298 574 Graeciam
328 511 360 573 in
387 510 571 575 libertatem
594 511 769 576 vindicavit
796 534 897 596 eoque
924 535 976 578 res
1003 517 1213 600 utrorumque
1237 537 1308 599 per-

130 598 232 682 duxit,
264 604 301 663 ut
330 598 474 663 Thebani
503 597 653 683 Spartam
685 604 923 687 oppugnarent,
953 600 1196 668 Lacedaemonii
1226 603 1307 668 satis

94 686 298 771 rehaberent,
326 688 354 750 si
382 686 464 751 salvi
491 709 560 752 esse
587 692 733 773 possent,
764 710 869 774 neque
899 690 990 774 prius
1021 691 1141 757 bellare
1172 692 1306 777 destitit,

130 797 227 859 quam
245 774 391 840 Messene
413 776 565 840 restituta
587 777 700 841 urbem
723 799 835 842 eorum
858 778 1025 844 obsidione
1043 779 1177 845 elausit'.
1218 779 1307 845 Haeo

129 885 202 928 cum
231 864 377 949 dixisset,
404 865 489 940 risus
512 865 657 929 omnium
680 887 753 930 cum
775 866 939 931 hilaritate
962 872 1093 932 coortus
1115 875 1176 954 ast,
1203 891 1306 953 neque

128 953 301 1036 quisquam
324 953 420 1017 iudex
443 975 541 1018 ausus
559 958 610 1018 est
627 953 667 1018 de
685 976 723 1019 eo
742 955 826 1019 ferre
844 955 1042 1041 suffragium.
1079 955 1132 1021 Sic
1150 980 1170 1021 a
1187 957 1306 1022 iudicio

127 1041 245 1126 capitis
267 1041 408 1105 maxima
430 1042 578 1107 discessit
599 1041 712 1129 gloria.

74 1156 114 1198 sss
218 1132 247 1192 9.
275 1129 338 1194 Hic
361 1134 505 1195 extremo
528 1135 672 1216 tempore
699 1132 875 1216 imperator
901 1132 987 1217 apud
1009 1132 1206 1197 Mantineam
1233 1155 1306 1198 cum
1387 1142 1391 1147 '

127 1219 195 1282 acie
219 1219 377 1283 instructa
400 1219 551 1284 audacius
574 1220 711 1284 instaret
732 1219 896 1307 hostibus,
923 1221 1073 1306 cognitus
1099 1226 1149 1286 est
1170 1244 1190 1285 a
1211 1221 1304 1287 Iane·

128 1306 318 1371 daemoniis:
355 1308 410 1391 qui
448 1308 535 1393 quod
570 1307 605 1372 in
640 1309 737 1373 unius
773 1309 915 1394 pernicie
951 1309 1020 1374 eius
1051 1311 1174 1394 patriae
1210 1310 1305 1375 sitam

126 1394 287 1479 putabant
309 1395 460 1481 salutem,
488 1397 630 1461 universi
657 1397 692 1461 in
719 1419 820 1461 unum
847 1397 1004 1486 impetum
1030 1399 1177 1462 fecerunt
1202 1419 1305 1482 noque

126 1485 217 1568 prius
240 1483 477 1568 abscesserunt,
504 1507 601 1569 quam
624 1508 742 1572 magna
764 1486 860 1551 caede
883 1487 969 1552 edita
990 1486 1167 1571 multisque
1192 1487 1306 1552 occisis

126 1572 303 1637 fortissime
331 1574 437 1658 ipsum
459 1573 718 1657 Epaminondam
744 1578 943 1659 pugnantem
966 1596 1061 1658 sparo
1085 1575 1209 1639 eminus
1235 1597 1306 1660 per-

91 1680 256 1727 aoussum
284 1661 449 1726 concidere
476 1662 634 1726 viderunt.
684 1660 791 1727 Huius
818 1684 895 1727 casu
922 1663 1124 1747 aliquantum
1151 1662 1304 1728 retardati

126 1755 203 1814 sunt
234 1750 375 1835 Boeotii,
407 1772 510 1833 neque
543 1756 650 1815 tamen
683 1752 774 1836 prius
809 1772 919 1836 pugna
955 1756 1172 1837 excesserunt,
1208 1773 1305 1837 quam

91 1839 450 1924 3repugnantisprofli
494 1844 578 1903 runt.
615 1839 662 1903 At
678 1838 928 1926 Epaminondas,
947 1861 1020 1904 cum
1038 1840 1306 1904 animadverteret

125 1928 329 1992 mortiferum
352 1948 387 1991 se
413 1861 531 1992 ruffina
554 1927 714 2012 accepisse
737 1927 910 2020 simulque,
938 1927 966 1992 si
994 1929 1124 2013 fenum,
1152 1927 1238 2013 quod
1264 1949 1305 1992 ex

124 2015 238 2080 hastili
278 2017 312 2079 in
353 2036 487 2100 corpore
522 2020 733 2100 remanserat,
774 2017 980 2100 extraxisset,
1016 2016 1156 2080 animam
1192 2017 1304 2080 statim

125 2106 331 2189 emissurum,
357 2125 461 2189 usque
488 2126 526 2169 eo
553 2104 701 2190 retinuit,
732 2105 839 2189 quoad
865 2105 1086 2170 renuntiatum
1114 2110 1164 2169 est
1189 2105 1304 2171 vicisse

88 2213 105 2260 4
124 2192 287 2258 Boeotios
330 2190 370 2256 Id
392 2196 565 2278 postquam
588 2193 725 2278 audivit,
748 2191 877 2278 ‘Satis',
899 2194 1019 2279 inquit,
1042 2193 1138 2279 ‘vixi3
1165 2193 1305 2258 invictus

125 2282 212 2347 enim
234 2281 376 2346 morior'.
421 2281 505 2345 Tum
528 2282 613 2347 ferro
636 2286 780 2347 extracto
804 2283 975 2347 confestim
998 2281 1198 2346 exanimatus
1221 2285 1278 2345 est.

216 2371 266 2435 10.
293 2369 356 2434 Hic
378 2391 512 2434 uxorem
538 2393 702 2456 nunquam
730 2371 831 2434 duxit.
877 2369 916 2434 In
944 2392 1008 2454 quo
1036 2392 1109 2434 oum
1137 2369 1305 2455 reprehen-

124 2458 254 2525 deretur
289 2480 308 2522 a
344 2457 511 2544 Pelopida,
548 2459 603 2543 qui
639 2458 743 2522 filium
776 2458 918 2523 habebat
957 2459 1123 2542 infamem,
1158 2458 1305 2542 maleque

123 2720 152 2758 sc
170 2705 302 2757 erwartet
320 2720 385 2757 man
405 2707 472 2758 ante
491 2720 562 2758 eum.
582 2736 616 2744 -
635 2703 687 2757 Be·
742 2703 855 2827 §abent
871 2735 905 2744 -
920 2704 1019 2772 capitis
1039 2702 1121 2755 ‘uber
1137 2702 1232 2756 Laberi
1245 2703 1304 2755 und

124 2776 191 2827 tone
215 2777 334 2844 aspicere
360 2774 416 2828 ‘ius
439 2775 518 2855 Auge
542 2775 687 2829 sohauen'.
766 2774 823 2828 od'.

162 2851 186 2898 4.
206 2847 315 2915 utiquc
335 2845 429 2899 ‘boida
448 2844 589 2899 Taile’.—
602 2845 686 2914 Spor-
778 2845 808 2899 9.
836 2845 933 2915 Epam.
964 2843 1038 2914 siegt
1070 2842 1128 2895 und
1159 2843 1226 2896 rant
1257 2843 1304 2897 bei

125 2923 181 2970 tam
196 2924 388 2996 oppapaorcat
405 2915 570 2971 bezeichnet
582 2916 621 2969 im
636 2914 688 2970 all·
742 2915 896 2970 Mantinea.

125 3002 282 3057 gememen,
301 2986 364 3041 dass
379 2985 420 3040 sie
434 2987 513 3040 Laud
532 2986 590 3040 und
605 2986 688 3042 Stadt
779 2992 802 3040 1.
822 2986 959 3041 audomar
976 2985 1067 3039 ubera.
1092 2984 1165 3037 nach
1184 2984 1216 3038 Α.
1230 2984 1262 3036 Β.
1278 2989 1302 3037 7.

125 3057 209 3112 derS
230 3061 344 3112 artaner
357 3057 447 3112 selbst
461 3074 497 3111 an
534 3057 540 3068 ‘
564 3073 606 3112 en
634 3056 688 3111 Die
742 3088 776 3097 -
795 3058 854 3112 cios
912 3056 978 3109 hbrt
1000 3072 1034 3108 aa
1058 3055 1154 3122 anias,
1179 3055 1230 3108 das
1253 3054 1303 3108 des

125 3146 172 3182 arn
220 3128 311 3182 chluss
339 3128 483 3183 arwahnce
533 3128 689 3198 elagerung
742 3128 869 3198 grtisarn
915 3125 1072 3180 aahdruchs
1090 3123 1304 3178 halbervoran·

127 3200 177 3253 der
196 3198 281 3253 Stadt
297 3198 366 3253 fand
385 3198 465 3253 nicht
482 3197 523 3252 im
535 3198 621 3253 Jahre
636 3205 687 3253 369
742 3198 826 3252 steht.
836 3230 870 3238 -
882 3198 965 3253 sitam
976 3223 1009 3243 =
1018 3195 1149 3266 positam.
1160 3228 1193 3236 -
1203 3199 1304 3265 spanos

125 3273 197 3325 statt
216 3269 338 3339 (obwohl
352 3269 398 3324 die
412 3269 562 3325 Thebaner
578 3269 687 3323 damula
743 3269 810 3324 oder
828 3285 949 3338 sporum,
969 3266 1031 3320 eino
1055 3267 1109 3320 Art
1125 3266 1303 3335 Hellebarde,

125 3340 532 3402 dichtandicStadtsordrau
571 3343 609 3465 112,
624 3356 686 3394 son·
741 3337 1057 3409 diourspriinglichnur
1070 3335 1146 3391 baim
1158 3335 1303 3391 Landvollr

124 3414 194 3468 darn
214 3414 272 3467 erst
289 3418 341 3466 362
360 3428 409 3466 vor
427 3413 477 3466 der
489 3411 543 3466 Soh
556 3428 589 3465 ac
610 3413 623 3465 t
640 3410 686 3466 bei
741 3410 772 3464 in
791 3409 942 3465 Gebrauoh
959 3425 1025 3462 war.

123 3483 279 3538 Mantinea.
307 3515 341 3524 -
369 3485 438 3538 satis
468 3485 597 3538 baberent
630 3483 687 3535 ‘zu-
778 3488 801 3535 2.
827 3480 886 3535 Vor
912 3481 1086 3548 aliquantam
1110 3479 1178 3549 fuge
1207 3479 1301 3531 ‘asar’

32 3559 35 3565 ’
124 3554 233 3609 hieden
251 3555 366 3607 waran'.
741 3551 893 3608 eim-Zu
901 3568 986 3619 acque
995 3556 1086 3604 tamea
1098 3549 1154 3619 vgl.
1170 3552 1202 3604 A.
1216 3550 1248 3603 B.
1260 3555 1303 3617 20,

162 3632 187 3679 ὅ.
213 3642 298 3694 ncqacc
314 3669 319 3679 .
337 3667 341 3678 .
359 3668 364 3679 .
380 3625 483 3679 destitit
504 3624 596 3695 hbugt
614 3624 686 3677 noch
742 3641 775 3676 zu
793 3622 974 3693 rcpapuoatis
992 3621 1024 3675 A.
1040 3621 1072 3674 B.
1093 3619 1131 3674 lb.

123 3713 179 3750 von
197 3697 269 3765 qaod
288 3695 332 3750 ab.
348 3727 381 3735 -
397 3695 520 3749 Messene
538 3695 619 3749 hatte
633 3693 688 3748 seit
777 3699 801 3748 3.
817 3691 1079 3748 estraaimadbers.
1092 3691 1303 3746 naohA.B.16.

124 3768 179 3820 den
210 3765 419 3821 messenischen
450 3764 572 3835 Kriegen
604 3767 687 3819 unter
742 3761 1092 3834 —asqucco‘biszudcm
1101 3762 1304 3832 Augenblick'3

124 3839 175 3891 der
192 3837 358 3891 Herrsohaft
381 3836 497 3906 Spartae
515 3836 686 3906 gestanden:
710 3837 712 3842 '
740 3837 863 3903 retinuit,
880 3834 966 3888 nbml.
985 3832 1096 3887 ferrum.

124 3909 214 3962 durch
254 3910 380 3963 restituta
412 3907 450 3960 ist
482 3905 528 3960 die
559 3905 687 3962 Wieder·
777 3907 827 3960 10.
859 3905 913 3959 uin
945 3904 1093 3957 Witzwort
1124 3904 1173 3957 des
1206 3904 1303 3974 Epam.

125 3980 271 4049 erhebung
298 3997 335 4031 zu
358 3977 449 4031 ciuem
475 3976 688 4048 selbstandigen
741 3974 1303 4042 uberseine‘Naehkommensehcft'3sein

126 4051 225 4103 Staate
239 4049 411 4103 bezeichnct.
431 4080 464 4087 —
484 4051 606 4102 omnium
619 4048 689 4102 lbsst
743 4047 928 4128 versichtiges
937 4044 1093 4100 Verhaltcn
1105 4045 1239 4099 wthrand
1254 4045 1304 4099 des

126 4122 187 4174 sich
206 4121 294 4180 durch
314 4120 364 4173 das
381 4119 495 4189 Adjekt.
513 4118 686 4190 ‘allgenein’
743 4111 961 4188 Burgerknaga3
980 4115 1093 4170 endlieh
1117 4116 1162 4170 ein
1181 4114 1304 4171 Sehlusa-

127 4191 330 4264 wiedergeben.
341 4223 375 4231 -
385 4189 425 4243 Zu
443 4208 528 4260 neque
545 4192 690 4260 quaquam
743 4193 815 4243 wort
832 4189 903 4243 fiber
917 4187 993 4241 scine
1007 4187 1175 4257 Bedeutuug
1191 4187 1237 4240 fur
1250 4187 1304 4240 den

131 4264 180 4332 :gh
200 4265 232 4317 A.
248 4262 279 4316 B.
295 4268 318 4315 5.
357 4294 390 4301 ω
427 4263 517 4328 stcffra
541 4264 593 4316 'am
619 4264 691 4328 serre
745 4259 828 4314 Staat
845 4259 968 4313 Theben.

139 4335 216 4386 aeine
253 4333 370 4386 Stimme
412 4332 603 4402 (cigentiehs)
641 4333 689 4386 ab·
782 4338 805 4384 1.
833 4332 871 4384 In
899 4347 951 4399 quo
985 4329 1025 4381 ‘in
1053 4328 1159 4384 diesem
1185 4328 1305 4396 Punkte,
