2850 4740
437 194 495 248 Vll
525 192 746 248 ALCIBIADES.
766 193 843 250 CAP.
864 200 903 248 10.
927 200 967 248 11,
1244 194 1288 257 49

52 361 55 366 ’
110 380 208 443 quam
232 357 318 442 regis
346 377 423 440 opes
451 356 553 420 minui
581 355 705 420 maluit.
751 354 864 439 Itaque
892 355 983 420 misit
1006 354 1228 438 Susamithren
1256 363 1289 443 et

111 447 275 533 Bagaeum
312 445 353 508 ad
388 442 589 509 Alcibiadem
625 444 895 528 interficiendum,
934 465 1007 509 cum
1043 443 1098 512 ille
1134 450 1219 509 esset
1254 445 1288 509 in

111 533 255 620 Phrygia
281 533 407 617 iterque
434 533 474 597 ad
501 554 609 620 regem
637 537 845 618 compararet.
891 531 984 597 Missi
1011 532 1094 597 clam
1120 533 1323 618 vicinitati,4

112 625 146 688 in
170 645 234 707 qua
255 626 327 687 tum
344 619 529 686 Alcibiades
548 625 625 706 erat,
648 621 726 685 dant
744 621 920 708 negotium,
940 627 976 685 ut
994 643 1067 685 eum
1086 621 1288 686 interficiant.

110 710 164 776 Illi
188 733 262 775 cum
284 710 369 774 ferro
397 710 528 797 adgredi
556 732 622 774 non
649 709 815 794 auderent,
843 714 940 775 noctu
967 709 1058 794 ligna
1084 710 1289 774 contulerunt

110 801 196 865 circa
228 821 334 864 casam
362 819 446 883 eam,
474 799 507 863 in
536 820 600 882 qua
627 799 825 883 quiescebat,
853 820 953 882 eaque
981 799 1225 883 succenderunt,
1252 803 1290 863 ut

111 887 258 953 inccndio
291 887 497 972 conficerent,
530 908 625 971 quem
657 908 754 952 manu
787 887 930 972 superari
963 908 1059 971 posse
1090 887 1288 951 diffidebant.

109 975 170 1041 Ille
201 980 309 1040 autem
341 979 379 1039 ut
411 976 520 1040 sonitu
552 976 700 1040 flammae
732 981 782 1040 est
814 977 985 1059 excitatus,
1017 975 1078 1040 etsi
1105 975 1231 1061 gladius
1260 976 1323 1039 ei5

110 1070 180 1130 erat
204 1065 390 1150 subductus,
412 1063 583 1128 familiaris
607 1065 657 1129 sui
681 1064 828 1129 subalare
851 1065 952 1127 telum
973 1063 1099 1148 eripuit.
1141 1062 1289 1148 Namque

111 1157 180 1218 erat
212 1174 285 1217 cum
318 1174 354 1217 eo
388 1152 518 1237 quidam
551 1174 589 1216 ex
617 1151 756 1217 Arcadia
787 1152 919 1236 hospes,
948 1153 1002 1237 qui
1035 1174 1200 1238 nunquam
1228 1153 1290 1216 dis-

110 1242 221 1326 cedere
240 1242 393 1305 soluerat.
435 1239 530 1305 Hunc
555 1242 646 1325 sequi
669 1263 703 1306 se
727 1241 817 1305 iubet
839 1245 872 1305 et
892 1241 933 1325 id,
952 1241 1039 1324 quod
1057 1241 1290 1325 inpraesentia

110 1331 377 1394 vestimentorum
404 1329 481 1414 fuit,
508 1330 630 1414 arripit.
675 1328 738 1394 His
765 1329 799 1393 in
827 1329 934 1413 ignem
962 1329 1115 1393 coniectis
1141 1329 1289 1393 flammae

110 1419 177 1483 vim
199 1417 372 1483 transiluit.
414 1416 516 1495 Quem
539 1422 576 1482 ut
598 1418 728 1483 barbari
751 1417 934 1482 incendium
958 1417 1108 1504 effugisse
1130 1418 1289 1502 viderunt,
1308 1434 1324 1482 6

109 1507 184 1571 telis
217 1507 342 1572 eminus
378 1507 488 1571 missis
523 1506 753 1570 interfecerunt
785 1510 944 1590 caputque
977 1507 1046 1570 eius
1078 1506 1118 1569 ad
1149 1504 1290 1569 Pharna

110 1595 225 1660 basum
248 1594 450 1660 rettulerunt.
495 1592 542 1658 At
563 1594 693 1678 mulier,
721 1617 802 1680 quae
825 1616 898 1658 oum
922 1617 959 1659 eo
982 1595 1089 1658 vivere
1112 1600 1289 1679 consuerat,

110 1683 260 1748 muliebri
288 1704 346 1746 sua
369 1687 458 1749 veste
483 1686 667 1748 contectum
694 1682 832 1747 aedificii
859 1683 1006 1748 incendio
1033 1687 1197 1746 mortuum
1225 1705 1289 1747 cre-

110 1772 224 1855 mavit,
257 1771 344 1856 quod
375 1771 415 1836 ad
441 1772 552 1835 vivum
578 1772 827 1836 interimendum
861 1775 929 1835 erat
957 1773 1189 1855 comparatum'
1236 1770 1290 1836 Sic

110 1858 296 1924 Alcibiades
318 1881 421 1924 annos
445 1860 572 1925 circiter
594 1858 651 1924 XL
674 1864 770 1924 natus
794 1859 878 1923 diem
902 1859 984 1924 obiit
1008 1881 1199 1944 supremum.
1301 1888 1342 1927 404

201 1948 251 2012 11.
275 1946 370 2012 Hunc
393 1948 585 2012 infamatum
608 1969 628 2011 a
650 1948 813 2033 plerisque
836 1951 902 2012 tres
930 1947 1113 2033 gravissimi
1141 1947 1287 2012 historici

110 2038 247 2101 summis
274 2035 424 2101 laudibus
452 2035 650 2101 extulerunt:
678 2034 895 2121 Thucydides,
923 2036 979 2120 qui
1007 2035 1149 2101 eiusdem
1173 2038 1289 2100 aetatis

109 2125 182 2209 fuit,
196 2123 433 2210 Theopompus,
451 2127 527 2210 post
544 2124 712 2209 aliquanto
730 2128 835 2209 natue,
854 2129 887 2188 et
904 2123 1068 2209 Timaeus3
1088 2124 1288 2208 quiquidem

110 2213 175 2278 duo
201 2212 499 2278 maledicentissimi
530 2213 639 2278 nescio
672 2234 735 2298 quo
767 2213 864 2278 modo
892 2213 925 2276 in
953 2213 1010 2277 illo
1037 2235 1103 2278 uno
1129 2213 1288 2277 laudando

110 2301 306 2386 conspirant.
351 2299 501 2385 Namque
524 2323 570 2387 ea,
594 2323 674 2385 quae
698 2302 1020 2386 suprascripsimus,
1044 2302 1082 2366 de
1106 2323 1142 2366 eo
1166 2303 1322 2386 praedi-a

109 2393 224 2455 carunt
246 2392 344 2474 atque
365 2388 427 2454 hoe
450 2389 602 2475 amplius:
626 2410 699 2455 cum
717 2389 856 2454 Athenis
880 2389 1139 2475 splendidissima
1159 2391 1289 2455 civitate

110 2482 206 2543 natus
230 2481 323 2562 esset,
342 2498 453 2543 omnes
472 2478 641 2563 splendore
663 2499 701 2543 ac
719 2479 878 2564 dignitate
897 2500 1064 2564 superasse
1082 2479 1180 2564 ritae3
1203 2483 1290 2563 post
1308 2498 1323 2544 3

146 2657 172 2706 4.
186 2652 326 2721 meotidis
336 2650 547 2722 dare‘Auftrag
555 2651 673 2722 geben'3
727 2653 796 2706 bare
819 2651 983 2732 Pthigkeit,
1012 2651 1071 2705 sich
1096 2651 1146 2704 der
1168 2653 1288 2706 Lebens-

111 2722 252 2776 vicinitati
265 2724 348 2777 stati:
368 2721 423 2777 den
437 2721 611 2777 Bewohneru
625 2722 674 2777 der
727 2722 812 2776 weise
857 2738 949 2776 semer
992 2722 1161 2792 Umgebung
1204 2739 1287 2776 anzu-

111 2791 346 2847 Nachbarschatt.
373 2791 499 2846 Deshalb
514 2791 564 2846 der
577 2791 675 2847 Plural
727 2809 837 2863 passen.

110 2863 289 2930 interficiant,
303 2862 362 2916 und
375 2863 427 2931 illi,
441 2862 566 2917 nitmlich
579 2863 672 2917 vicini.
765 2871 789 2918 1.
852 2866 912 2919 auia
938 2862 1025 2917 heilst
1052 2863 1098 2916 ein
1125 2862 1288 2917 Geschicht-

111 2964 146 2973 -
173 2935 248 3000 ferro
273 2933 337 2987 ‘mit
358 2933 479 2987 blanker
501 2933 615 2988 Waffe'.
640 2966 673 2975 -—
729 2934 817 2988 schr'
841 2950 883 3003 er,
903 2935 1003 2988 dessan
1022 2933 1142 3003 Zeugnis
1161 2933 1288 2987 Gewicht

111 3003 674 3074 aaa‘uousoneite’.-qaem...uqfi-
729 3005 793 3075 hat,
819 3003 1057 3075 ‘glaubmudigt
1096 2991 1171 3057 uber
1185 3005 1287 3074 uage-

111 3075 213 3130 deboai
236 3073 314 3145 ‘(dcn
332 3073 444 3144 Manu),
468 3091 522 3129 von
546 3075 610 3129 dem
633 3075 673 3130 sie
727 3079 855 3130 nannten
869 3075 930 3130 drei
943 3074 1110 3143 Historiker,
1129 3091 1182 3129 von
1196 3076 1288 3129 denen

109 3143 196 3198 haum
215 3144 361 3215 glaubtan,
381 3144 444 3199 dass
464 3162 494 3199 er
509 3191 514 3200 .
532 3189 537 3200 .
554 3147 581 3201 .’.
728 3146 774 3200 die
802 3146 870 3201 zuei
898 3145 1033 3200 letzteren
1059 3146 1158 3216 (durch
1181 3153 1206 3201 et
1228 3163 1287 3200 ver-

147 3222 171 3270 5.
191 3218 248 3284 cisi,
267 3216 317 3270 der
335 3215 472 3270 Gedanke
490 3216 541 3272 ist:
561 3217 673 3271 obwohl
727 3216 852 3287 bunden)
883 3216 947 3271 dem
974 3215 1152 3285 Thucydides
1184 3233 1288 3340 gegan-

109 3302 176 3340 man
195 3286 254 3340 ihm
274 3286 333 3341 sein
351 3286 478 3341 Schwert
495 3303 673 3357 wegganom-
727 3287 912 3358 fibergeatellt
940 3288 1065 3354 werden,
1098 3305 1119 3340 a.
1148 3285 1194 3341 die
1245 3288 1287 3341 in·

110 3373 175 3410 men
202 3358 296 3426 hatte,
326 3356 427 3412 wulste
454 3375 485 3412 er
513 3356 573 3412 sich
601 3358 673 3413 doch
727 3358 838 3440 leitung
862 3358 887 3412 S.
907 3358 965 3412 VH.
985 3389 1021 3398 -
1040 3359 1289 3413 maledicentissimi

111 3427 173 3482 eine
191 3426 284 3482 Waffe
308 3445 341 3480 au
365 3427 551 3497 verschaffen,
577 3428 673 3484 indem
726 3429 799 3482 wird
820 3446 861 3482 nu
882 3429 915 3483 D.
940 3428 986 3482 ein
1008 3428 1228 3483 Konaessivsatz.
1252 3462 1286 3470 —

111 3514 142 3552 er
155 3515 222 3553 usw.
238 3531 271 3538 -
286 3499 396 3567 eripuit,
416 3515 467 3552 aus
482 3499 531 3553 der
546 3498 672 3555 Scheide.
727 3502 883 3569 marioque
897 3501 975 3555 modo
990 3526 1023 3544 =
1036 3499 1286 3570 ‘merhwfirdiger-,

111 3600 146 3610 --
165 3586 226 3623 cum
244 3585 274 3624 eo
294 3568 357 3622 ‘bei
370 3567 441 3638 ihm,
463 3568 493 3621 in
512 3569 603 3625 seiner
621 3570 673 3624 Be·
727 3569 1019 3625 auffallenderweise’.

110 3638 261 3711 gleitung’.
289 3671 324 3680 -
352 3641 425 3708 quod
455 3641 487 3694 iu
515 3643 674 3709 proaemio
762 3647 787 3696 2.
815 3657 914 3711 cupra,
942 3640 981 3694 im
1009 3647 1033 3694 1.
1057 3658 1084 3694 u.
1109 3647 1134 3696 2.
1157 3641 1227 3711 Kap.
1252 3673 1287 3682 -

110 3712 328 3766 vestimentorum
365 3716 425 3765 erat
461 3711 530 3764 ‘was
568 3727 673 3783 augen-
725 3713 775 3767 boc
797 3712 918 3782 (Accua.)
945 3710 1044 3765 deutet
1072 3710 1124 3765 auf
1149 3712 1200 3766 das
1224 3712 1287 3766 Fol-

111 3780 248 3835 blicklich
276 3797 313 3834 an
334 3779 378 3835 Kl.
406 3780 570 3836 vorhanden
592 3782 670 3836 war’.
726 3782 825 3853 gande.
845 3814 878 3822 —
898 3783 1030 3852 amplius,
1052 3782 1206 3836 adverbiall
1226 3783 1286 3837 ‘des

111 3884 147 3892 —
164 3853 197 3906 ia
214 3853 303 3922 ipsum
321 3852 459 3919 condetis,
479 3869 527 3905 um
545 3851 673 3906 dadurch
725 3852 879 3907 weiteren’.
895 3883 929 3893 -
942 3853 1165 3922 splendidiorum
1178 3854 1287 3909 ciuitate

111 3921 157 3975 fiir
180 3921 262 3976 einen
281 3920 459 3992 ,Augenblick
481 3922 527 3976 die
545 3922 672 3977 Flamma
726 3923 777 3992 ist,
800 3922 853 3977 wie
877 3923 937 3976 sich
960 3939 1011 3977 aus
1030 3923 1095 3976 dem
1112 3923 1218 3977 Fehlen
1238 3924 1287 3978 der

112 4010 146 4046 zu
165 3991 305 4062 dempfen.
325 4023 359 4033 -
378 3993 433 4047 uim
453 3991 510 4047 ‘die
529 3992 617 4049 Glnt’.
726 3995 840 4065 Prdpos.
873 3995 905 4047 in
932 3992 1054 4064 ergiebt,
1086 3992 1167 4047 nicht
1192 3995 1286 4064 Appo-

148 4068 173 4117 6.
201 4069 348 4118 cmuuirat
365 4067 608 4132 =,eonsueverat.
637 4096 673 4105 -
727 4064 813 4120 sitien
844 4082 878 4118 au
909 4064 1037 4131 Attenia,
1076 4063 1196 4118 sonderu
1228 4065 1284 4119 abl.

111 4139 261 4189 contorium
283 4133 343 4188 lbsc
361 4133 414 4188 auf
427 4134 501 4188 nach
519 4135 551 4189 A.
566 4135 597 4190 B.
615 4132 672 4190 18¹³.
727 4133 824 4204 absol,
836 4134 889 4188 ‘als
900 4133 1286 4189 derStaatinderhochsten

149 4204 198 4260 11.
212 4203 408 4259 Schlnsawort:
425 4204 499 4258 nach
513 4204 577 4259 darn
590 4205 672 4260 uber·
726 4206 809 4260 Blfite
837 4204 941 4259 stand’.
971 4237 1004 4244 -
1033 4220 1123 4260 mum
1149 4204 1189 4259 iat
1213 4205 1286 4275 obj,

112 4272 674 4331 einstimmondenuneilvorschiedener
726 4275 1284 4346 AlcibiadesSub'.-dipnitotc‘Pracht’,

112 4343 671 4401 HistorikerbesalsAlcib.eineuunder·
726 4350 798 4404 uitae
818 4347 878 4401 ‘des
896 4294 1080 4400 Aut'lretens’.

166 4444 239 4484 coar.
252 4444 340 4487 Nares.
1056 4439 1073 4486 4
