2850 4740
416 186 475 240 XV.
503 185 775 242 EPAMINONDAS.
814 186 890 242 CAP.
912 193 935 241 7.
956 191 980 240 8.
1244 184 1287 249 87

110 351 298 418 memoriam
316 349 529 416 contumeliae
548 353 581 414 et
594 349 770 415 exercitum
785 349 952 413 obsidione
966 348 1139 413 hberatum
1154 351 1286 414 domum
1300 376 1341 417 sce

110 441 237 506 reduxit
267 439 470 505 incolumem.
519 437 589 504 Nec
619 460 696 502 vero
728 438 790 504 hoc
817 437 916 502 semel
943 437 1034 523 fecit,
1066 438 1121 501 sed
1149 439 1322 523 saepiuse

109 529 248 596 Maxime
284 533 392 593 antem
429 527 493 593 fuit
529 527 668 613 illustre,
705 548 778 591 cum
814 527 1074 612 Peloponnesum
1110 526 1287 591 exercitum
1300 553 1341 594 ιιι

110 619 254 684 duxisset
289 619 443 682 adversus
480 615 750 681 Lacedaemonios
786 616 982 702 haberetque
1019 614 1159 701 collegas
1197 617 1287 701 duos,

110 728 246 792 quorum
273 706 356 770 altar
383 710 453 770 erat
474 704 660 791 Pelopidas,
688 705 738 769 vir
761 705 856 770 fortis
879 727 917 770 ac
939 709 1098 769 strenuus.
1144 703 1189 768 Hi
1213 727 1287 769 cum

108 796 297 860 criminibus
338 794 595 860 adversariorum
635 817 745 859 omnes
782 795 815 859 in
853 794 1007 859 invidiam
1044 793 1208 858 venissent
1244 794 1286 859 oh

107 907 242 968 eamque
274 906 342 948 rem
373 884 545 969 imperium
576 884 618 948 iis
649 886 735 948 esset
767 884 960 969 abrogatum
987 887 1084 968 atque
1113 883 1147 946 in
1175 904 1287 947 eorum

107 973 215 1038 locum
252 973 308 1038 alii
343 977 507 1059 praetores
540 973 782 1059 successissent,
817 972 1059 1058 Epaminondas
1090 972 1324 1057 populiscit04

108 1085 175 1127 non
197 1063 319 1149 paruit,
346 1062 495 1147 idemque
517 1066 556 1126 ut
577 1062 728 1127 facerent
741 1061 903 1147 persuasit
926 1060 1073 1148 collegis,
1100 1065 1133 1125 et
1155 1060 1288 1146 bellum,

107 1150 196 1236 quod
223 1155 420 1237 susceperat,
447 1151 557 1238 gessit.
602 1149 752 1236 Namque
780 1151 1068 1236 animadvertemt,
1097 1150 1160 1215 nisi
1187 1151 1220 1214 id
1244 1151 1287 1214 fe

108 1241 218 1325 cisset,
249 1243 356 1305 totum
388 1240 564 1304 exercitum
590 1245 723 1326 propter
750 1244 935 1325 praetorum
963 1239 1214 1325 imprudentiam
1241 1240 1288 1304 in·

108 1329 298 1412 scitiamque
320 1329 398 1392 belli
420 1329 609 1414 periturum.
651 1329 718 1393 Lex
741 1333 810 1393 erat
828 1328 957 1415 Thebis,
981 1351 1062 1414 quae
1083 1333 1187 1393 morte
1205 1328 1323 1415 mul-,5

107 1417 212 1503 tabat,
242 1417 270 1481 si
298 1417 371 1502 quis
398 1417 570 1502 imperium
598 1417 720 1482 diutius
748 1419 946 1503 retinuisset,
974 1440 1071 1502 quarn
1098 1418 1169 1504 lege
1196 1439 1286 1503 prae-

107 1506 237 1571 finitum
268 1506 361 1574 foret.
411 1505 505 1571 Hanc
532 1507 773 1592 Epaminondas
806 1529 879 1573 cnm
911 1508 957 1572 rei
984 1507 1133 1592 publicae
1161 1529 1287 1572 conser-

106 1595 229 1659 vandae
261 1616 358 1661 causa
387 1595 488 1660 latam
520 1595 657 1682 videret,
692 1597 734 1661 ad
764 1596 940 1682 perniciem
972 1596 1114 1661 civitatis
1146 1596 1287 1660 conferri

106 1682 213 1748 noluit
243 1686 276 1747 et
303 1687 458 1768 quattuor
484 1684 649 1749 mensibus
678 1685 814 1771 diutius,
846 1707 943 1769 quam
970 1685 1111 1772 populus
1140 1685 1287 1770 iusserat,

106 1772 211 1859 gessit
232 1771 412 1856 imperium.
456 1795 458 1797 ·

194 1860 223 1925 8.
241 1860 421 1945 Postquam
439 1860 570 1926 domum
589 1863 729 1929 reditum
749 1867 807 1949 est,
826 1862 967 1949 collegae
987 1863 1055 1928 eius
1074 1863 1135 1927 hoc
1154 1863 1289 1928 crimine

107 1948 349 2014 accusabantur.
395 1948 520 2025 Quibus
542 1949 602 2015 ille
624 1951 786 2038 permisit,
813 1957 852 2016 nt
879 1973 1006 2017 omnem
1027 1947 1164 2016 'causam
1192 1953 1226 2016 in
1254 1974 1289 2017 se
1302 1978 1343 2020 sca

107 2037 320 2103 transferrent
352 2059 474 2123 suaque
505 2060 603 2123 opera
634 2040 757 2105 factum
787 2041 1031 2126 conlaudarent,
1062 2045 1100 2104 ut
1130 2041 1196 2127 legi
1223 2063 1289 2106 non

108 2126 304 2191 oboedirent
350 2124 420 2204 Qua
442 2126 627 2193 defensione
654 2129 721 2194 illis
743 2129 886 2214 periculo
913 2130 1060 2194 liberatis
1087 2151 1181 2194 nemo
1205 2129 1290 2214 Epa

105 2215 292 2280 minondam
310 2237 541 2299 responsurum
557 2217 705 2303 putabat,
723 2219 818 2304 qnod,
832 2218 911 2303 quid
925 2218 1053 2304 diceret,
1067 2242 1132 2283 non
1146 2219 1289 2284 haberet.

106 2307 153 2368 At
175 2303 230 2368 ille
253 2304 287 2368 in
310 2303 465 2369 indicium
487 2305 584 2390 venit,
607 2306 693 2370 nihil
713 2329 824 2372 eorum
847 2308 987 2392 negavit,
1011 2329 1093 2392 quae
1114 2308 1289 2374 adversarii
1308 2327 1325 2377 ι

107 2392 234 2456 arimini
266 2393 398 2477 dabant,
431 2393 616 2478 omniaque,
647 2415 730 2478 quae
762 2395 904 2482 collegae
933 2396 1094 2482 dixerant,
1123 2397 1290 2462 confessus

107 2485 158 2545 est
179 2503 282 2565 neque
301 2481 471 2566 recusavit,
489 2503 553 2565 qno
571 2482 680 2549 minus
697 2483 779 2569 legia
797 2506 934 2569 poenam
953 2485 1090 2572 subiret3
1114 2486 1170 2550 sed
1188 2508 1290 2552 unum

107 2569 148 2632 ab
167 2569 208 2633 iis
226 2569 350 2655 petivit,
373 2570 467 2633 utin
490 2570 637 2654 sepulcro
661 2594 719 2637 sno
742 2573 966 2638 inscriberent:
990 2573 1243 2658 ‘Epaminondas
1271 2598 1291 2640 a
1309 2595 1325 2642 a

107 2656 269 2725 Thebanis
301 2661 405 2723 morte
432 2657 590 2723 multatus
618 2664 681 2746 est,
708 2661 795 2746 quod
822 2681 877 2727 eos
905 2663 1013 2749 coligit
1040 2662 1125 2747 apud
1151 2662 1291 2730 Leuctra

108 2767 259 2831 superare
295 2745 579 2833 Lacedaemonios,
616 2770 698 2832 quos
736 2755 811 2815 ante
852 2771 886 2816 se
926 2751 1154 2835 imperatorem
1194 2775 1290 2818 nemo

143 2943 168 2991 3.
188 2938 247 2992 Nec
264 2954 338 2992 cero:
357 2938 390 2992 A.
411 2938 441 2992 B.
462 2944 510 3007 203
536 2957 570 2993 ιιι
592 2940 672 2996 aeaut
763 2948 785 2996 1.
804 2943 924 2997 reditum
941 2949 992 3011 eat,
1015 2943 1055 2996 im
1073 2942 1106 2996 D.
1127 2943 1213 2998 alrtiv.
1236 2945 1291 2999 mit

105 3006 174 3079 ffige
198 3008 272 3062 ‘nur’
296 3007 390 3065 hinnu.
411 3041 444 3049 —
468 3011 529 3078 hoc,
555 3009 618 3064 dass
641 3027 672 3065 er
727 3012 824 3067 ‘man’.
840 3044 874 3053 -
888 3015 1099 3083 maechantur,
1111 3014 1162 3068 das
1176 3015 1311 3086 Imperi.-

107 3077 154 3133 die
167 3078 394 3152 Belaidigungen
408 3079 500 3135 seiner
513 3080 672 3151 Mitbdrger
724 3082 791 3154 gieb
823 3083 912 3138 durch
944 3083 1069 3145 {sollten’
1107 3085 1220 3141 wieder,
1253 3119 1289 3128 -

107 3150 226 3221 vergass.
241 3183 274 3190 —
289 3152 395 3207 illustre
410 3151 586 3221 ‘ruhmvoll’3
601 3152 671 3206 Sub·
725 3171 837 3209 caueam
861 3153 919 3208 ‘die
946 3153 1057 3210 Sache'.
1077 3187 1111 3196 -
1129 3172 1182 3211 aaa
1204 3173 1290 3227 opera

103 3220 169 3345 qekt
185 3220 226 3274 iat
244 3222 294 3275 der
307 3221 467 3277 Nebenaatz
480 3221 534 3276 mit
551 3239 620 3279 cam.
636 3255 670 3264 -
727 3224 790 3279 ‘auf
814 3224 890 3279 aeine
923 3225 1154 3297 Veranlassung'.
1185 3259 1219 3269 -
1246 3247 1288 3284 re-

128 3309 148 3345 n
167 3293 383 3361 Peloponnesum
401 3311 422 3348 s.
442 3292 577 3348 A.B.1‹¹.
724 3313 889 3364 ιροιιιιιιιιιι
904 3296 976 3350 ‘sich
989 3299 1216 3354 verantworten’.
1241 3299 1289 3355 Sis

141 3371 167 3417 4.
191 3362 317 3418 Konrtr:
341 3366 532 3433 persuasitque
554 3365 670 3436 collecte,
723 3366 861 3437 glaubtrm
879 3367 948 3436 also,
972 3383 1002 3422 er
1024 3367 1118 3423 werde
1136 3386 1188 3440 gar
1205 3370 1289 3427 nicht

104 3440 137 3489 ot
162 3434 234 3488 idam
255 3436 384 3502 facereret
408 3467 443 3476 —
465 3424 542 3490 liber
564 3437 670 3503 fecisset
723 3437 1288 3510 vorGeriohterscheinen.-ooatobeo,

106 3504 161 3576 vgl.
180 3504 213 3558 A.
228 3504 259 3558 B.
276 3511 317 3560 16.
336 3536 370 3546 -
389 3507 501 3561 ιἰιεοίιία
520 3506 584 3561 tella·
601 3506 669 3560 ‘Un·
723 3510 791 3579 qaid
804 3510 895 3564 dicam
909 3509 967 3563 ‘ich
976 3509 1152 3581 weilsnioht,
1167 3528 1225 3567 was
1239 3513 1287 3568 ich

106 3573 360 3645 geschickliohkeit
377 3574 417 3630 im
437 3574 504 3630 Krie
543 3577 561 3631 ’.
724 3596 811 3650 aagen
829 3579 903 3634 soll'.

142 3652 168 3701 t.
186 3647 321 3702 malacae
338 3645 402 3701 hier
417 3649 496 3702 nur‘
549 3648 619 3702 hte’.
634 3679 670 3688 -
759 3657 784 3704 2.
808 3651 875 3721 lepis
901 3650 972 3704 wird
994 3650 1034 3705 im
1056 3651 1089 3706 D.
1113 3651 1227 3722 Adjelrt.
1251 3687 1288 3696 —

105 3704 183 3771 tiber
205 3718 231 3772 ai
253 3718 316 3787 qaia
338 3717 394 3787 vgl.
417 3717 451 3776 h
465 3718 497 3772 Β.
512 3725 536 3772 5.
552 3719 670 3785 —foret
723 3722 758 3775 ab
780 3722 830 3790 iis,
857 3721 943 3776 ntml.
966 3722 1121 3792 iudicibus,
1148 3741 1207 3778 war
1236 3741 1287 3781 aua

40 3816 42 3819 -
106 3813 141 3836 =
156 3789 238 3842 esset.
258 3819 293 3828 —
310 3790 444 3864 conferri,
465 3788 509 3843 als
529 3788 606 3858 Subj.
629 3789 670 3844 ist
721 3792 856 3847 iudicium
875 3811 909 3846 ιιι
928 3794 1097 3847 entnehmcn
1115 3793 1161 3849 ist.

104 3859 178 3914 tuae
196 3859 220 3914 le
237 3875 278 3913 ern
292 3876 326 3913 ιιι
340 3859 465 3917 denhem
485 3859 560 3914 ‘dass
575 3876 604 3913 es
619 3877 669 3914 an·
758 3868 783 3917 3.
802 3861 855 3915 Die
874 3862 1008 3918 Sohlacht
1024 3862 1072 3918 bei
1090 3864 1215 3920 Leuktra
1238 3883 1287 3937 ge-

106 3944 206 4001 gewan
226 3931 240 3983 t
256 3929 370 3985 werde’.
381 3937 556 4000 -qaattaor
571 3933 668 3986 meast
722 3932 803 3988 horte
822 3949 914 4003 genau
933 3951 1100 4004 genommen
1112 3935 1194 3991 nicht
1210 3937 1286 3992 hier·

105 3998 668 4083 huahblaufdiel'ragemmwievielt
721 4003 785 4073 her,
809 4003 875 4058 weil
903 4004 945 4058 eie
967 4005 1048 4060 nicht
1074 4010 1132 4061 erat
1158 4013 1210 4062 369
1273 4041 1287 4051 -

142 4072 172 4126 8.
190 4070 249 4125 Vor
262 4069 378 4127 Gericht
392 4072 605 4142 nrmmtEpam,
621 4071 668 4128 die
722 4074 858 4146 schlagen
875 4076 979 4130 warde.
1011 4076 1092 4131 Doch
1105 4095 1165 4131 war
1179 4078 1219 4133 sie
1254 4097 1285 4134 es

105 4140 211 4197 Schuld
242 4141 329 4198 allein
360 4142 412 4200 auf
440 4142 501 4197 sich
535 4143 594 4198 und
626 4159 672 4198 er·
721 4144 819 4200 Eam.
831 4147 1090 4216 ausgeaeichnetste
1100 4149 1158 4201 und
1167 4148 1214 4202 fiir
1223 4150 1285 4204 sain

104 4212 174 4269 aielt
200 4211 288 4268 durch
312 4212 447 4284 laurigen
469 4213 595 4268 Hinweis
619 4215 672 4268 anf
748 4216 878 4270 aterland
909 4216 1126 4288 folgenreichste
1158 4219 1305 4276 Waffen-.

105 4284 183 4339 aeine
210 4282 377 4343 Verdienste
404 4284 564 4340 ehrenvolle
591 4285 667 4340 Frei-
721 4286 794 4341 that.
818 4319 854 4328 —
876 4295 940 4343 ante
962 4306 989 4344 ae
1011 4291 1200 4358 imperatorem
1224 4292 1285 4345 ‘vor

105 4355 272 4425 aprechnng.
722 4357 827 4412 asinam
841 4358 990 4414 Auftreteu
1009 4359 1051 4413 als
1066 4360 1117 4414 F).
1150 4360 1206 4414 Ffir
1219 4371 1285 4418 cate
