2850 4740
137 219 201 285 126
462 219 559 274 XXIII.
586 219 786 276 HANNIBAL.
823 219 899 276 cAP.
920 227 943 277 1.
963 229 987 277 2.

660 615 789 688 XXIII.

227 773 254 837 1.
282 770 492 857 Hannibal,
519 770 712 836 Hamilotris
739 771 841 857 filius,
873 769 1155 858 Carthaginiensis.
1202 770 1237 836 si
1260 794 1312 836 ve·

135 884 208 926 rum
243 864 307 946 est,
343 859 429 945 quod
460 882 555 924 nemo
580 859 728 945 dubitat,
763 863 801 924 ut
831 859 971 945 populus
1002 859 1168 926 Romanus
1199 882 1314 926 omnes

135 954 247 1036 gentes
270 949 390 1013 virtute
413 948 581 1034 superarit,
603 971 668 1013 non
691 953 741 1014 est
762 948 967 1015 infitiandum
984 948 1200 1015 Hannibtlem
1219 953 1311 1014 tanto

135 1038 334 1123 praestitisse
357 1041 480 1103 ceteros
503 1037 712 1123 imperatores
734 1036 919 1123 prudentia,
942 1042 1063 1123 quanto
1085 1038 1225 1124 populus
1247 1037 1312 1103 Ro-

100 1146 249 1192 rmanus
277 1126 445 1192 antecedat
471 1125 662 1191 fortitudine
685 1131 816 1192 cunctas
838 1127 994 1192 nationes.
1039 1125 1125 1192 Nam
1149 1126 1311 1212 quotiens-

136 1237 272 1301 cumque
299 1237 373 1280 cum
400 1237 437 1281 eo
465 1233 656 1301 congressus
683 1219 734 1281 est
755 1216 790 1284 in
812 1213 921 1301 ltalia,
943 1237 1068 1299 semper
1090 1215 1238 1281 discessit
1260 1239 1312 1280 su-

134 1305 250 1389 perior.
310 1301 404 1380 Quod
439 1303 503 1368 nisi
539 1303 625 1368 domi
657 1303 776 1370 civium
808 1326 940 1370 suorum
971 1303 1094 1370 invidia
1124 1304 1313 1369 debilitatus

136 1397 234 1479 esset,
256 1392 421 1458 Romanos
443 1392 571 1457 videtur
593 1413 744 1478 superare
765 1394 917 1478 potuisse.
939 1454 947 1476 ,
971 1391 1035 1458 Sed
1056 1392 1233 1458 multorum
1257 1392 1311 1457 ob·

135 1483 284 1547 treotatio
309 1481 427 1546 devicit
447 1481 544 1546 unius
566 1481 729 1548 vIrtutem.

99 1589 115 1636 c
223 1569 287 1635 Hie
309 1575 418 1635 autem
440 1569 529 1634 velut
550 1570 728 1636 hereditate
746 1569 895 1636 relictum
913 1570 1024 1636 odium
1041 1575 1212 1656 paternum
1235 1591 1313 1656 erga

134 1660 298 1725 Romanos
323 1660 369 1724 sic
391 1659 601 1745 conservavit,
623 1664 661 1725 ut
678 1661 769 1745 prins
787 1659 927 1724 animam
946 1680 1043 1745 quam
1061 1659 1095 1724 id
1114 1658 1313 1744 deposuerit3

136 1749 192 1832 qui
219 1747 363 1834 quidem,
390 1769 463 1813 eum
489 1748 595 1833 patria
620 1748 733 1833 pulsus
761 1752 847 1814 esset
873 1751 906 1814 et
932 1747 1109 1813 alienarum
1137 1769 1235 1833 opum
1265 1747 1312 1811 in·
1397 1793 1400 1800 -

136 1837 275 1923 digeret,
297 1859 462 1922 nunqnam
487 1837 648 1903 destiterit
669 1837 777 1902 animo
801 1836 920 1902 bellare
942 1859 1017 1902 cum
1038 1835 1204 1902 Romanis.
1295 1919 1297 1922 .

226 1927 255 1990 2.
291 1924 392 2011 Nam,
426 1929 462 1991 ut
495 1925 644 1991 omittam
675 1925 877 2012 Philippum,
909 1940 1005 2010 q'uem
1036 1925 1152 1991 absens
1184 1924 1312 1990 hostem

136 2014 276 2079 reddidit
302 2013 472 2100 Romanis,
505 2014 649 2079 omnium
680 2014 722 2079 iis
753 2014 953 2101 temporibus
982 2013 1228 2100 potentissimus
1255 2034 1312 2079 rex

135 2102 318 2168 Antidchns
340 2101 417 2167 fuit:
440 2101 527 2168 hunc
548 2107 640 2169 tanta
662 2102 838 2189 cupiditate
861 2103 1004 2168 incendit
1026 2102 1177 2189 bellandi,
1199 2107 1238 2167 ut
1260 2124 1312 2166 us-

101 2211 198 2278 uque
226 2215 245 2257 a
270 2191 370 2257 rubro
391 2191 474 2256 mari
497 2213 587 2257 arma
608 2196 743 2258 conatus
766 2192 809 2257 sit
831 2191 950 2258 inferre
972 2190 1095 2257 Italiae.
1140 2190 1192 2256 Ad
1215 2213 1312 2276 quem

136 2303 210 2346 oum
236 2279 336 2366 legati
363 2275 527 2345 venissent
548 2280 700 2367 Romani,
728 2277 849 2366 quide
877 2281 946 2346 eius
973 2279 1140 2346 voluntate
1167 2280 1312 2366 explora-

137 2373 209 2434 rent
231 2369 407 2454 darentque
430 2390 570 2455 operam,
593 2369 736 2449 consiliis
759 2369 966 2436 clandestinis
987 2373 1026 2434 ut
1043 2368 1260 2434 Hannibalem
1277 2367 1313 2432 in

173 2544 202 2598 1.
216 2542 362 2598 Hannibal
370 2542 482 2598 warala
495 2543 630 2599 Feldherr
643 2545 698 2600 den
788 2543 817 2601 2.
843 2542 987 2599 Hannibal
1015 2543 1125 2599 antlilt
1147 2541 1196 2598 bei
1218 2541 1314 2613 Ktnig

136 2614 259 2669 Romern
268 2613 336 2697 nolli
365 2614 532 2686 gewachsen
541 2638 551 2697 ἱ
557 2614 618 2670 sein
627 2614 698 2670 Hals
751 2614 908 2698 Antiochus
921 2631 976 2669 von
988 2613 1095 2696 Syrien,
1110 2614 1161 2670 der
1170 2611 1313 2697 ,ebcnt'alla

123 2685 359 2812 'gelehtddfflm
371 2687 655 2812 eht'hidrushviebirrie
669 2755 699 2812 Si
751 2687 825 2827 libat,
836 2685 902 2811 dudio
918 2682 1314 2838 ppppssmmvpssrmppoilpefp

136 2843 200 2883 vere
209 2825 317 2882 factum
327 2829 371 2882 est
386 2827 491 2882 ‘Wenn
499 2842 528 2882 es
538 2827 698 2883 Thatsache
751 2827 824 2883 Hals
836 2843 929 2899 gagen
942 2827 1034 2882 dreses
1043 2826 1119 2882 Volk
1131 2826 1312 2898 gesohworen

136 2898 200 2967 iat’3
219 2898 337 2953 deshalb
351 2897 424 2969 folgt
438 2904 477 2954 ut.
493 2930 527 2939 —
542 2904 618 2955 tanto
633 2942 639 2953 .
655 2943 661 2954 .
677 2943 698 2968 .,
751 2897 834 2954 habe.

137 2975 240 3040 quom
255 2970 297 3024 ‘so
317 2968 400 3025 weit.
412 3011 418 3024 .
430 3012 451 3038 .,
468 2968 547 3038 wie’3
566 2968 700 3041 cigenti?
791 2974 814 3024 1.
828 2970 906 3025 Nom
918 2986 1000 3044 usn:
1016 2968 1063 3023 die
1077 2967 1248 3040 eigentliohe
1259 2967 1313 3022 Be·

136 3072 171 3082 -
204 3041 374 3110 praestitiam
409 3047 520 3110 muros,
559 3040 610 3095 das
647 3039 700 3095 Ge-
827 3041 912 3111 dung,
932 3038 987 3094 mit
1004 3038 1055 3094 der
1072 3038 1119 3094 die
1136 3036 1314 3110 Richtigkeit

136 3110 560 3182 wohnliohewarepr.cetaris;
574 3110 652 3167 siaha
666 3130 700 3166 zu
774 3127 805 3166 er
840 3110 947 3171 Ietaten
981 3110 1080 3166 Worte
1116 3109 1166 3165 des
1201 3109 1313 3165 vorher·

137 3182 202 3236 XXI
215 3188 245 3252 3,
260 3188 284 3237 c.
753 3181 901 3254 gehenden
932 3181 1002 3252 Kap.
1036 3179 1169 3236 ermesen
1199 3179 1313 3236 werden

174 3261 199 3308 2.
227 3270 289 3308 eum
313 3269 343 3309 eo
387 3252 472 3308 ntml.
505 3270 569 3308 oum
595 3252 700 3324 populo
754 3252 816 3323 soll,
834 3251 906 3324 liegt
923 3255 981 3308 erst
998 3251 1038 3306 im
1054 3250 1122 3325 fulg.
1136 3252 1313 3322 Hauptaatze

138 3323 272 3384 Romano.
292 3353 327 3365 —
345 3296 378 3378 ln
393 3323 473 3394 Quod
485 3324 543 3381 cisi
555 3323 636 3380 dient
648 3324 700 3379 das
754 3325 837 3394 (bunc
851 3367 857 3379 .
873 3366 879 3380 .
896 3324 1036 3394 ,Italicet
1055 3355 1091 3365 -
1108 3324 1227 3379 emittm
1249 3321 1313 3376 ‘nn-

138 3394 701 3467 Relativnmlediglichnurhnknupfimg
753 3395 880 3453 erwlthnt
901 3394 1016 3450 lassen'.
1035 3425 1071 3436 -
1092 3395 1241 3465 Hrs'ls'ppus
1262 3392 1315 3448 der

139 3465 197 3520 und
220 3466 298 3520 kann
320 3466 502 3522 undbersetzt
523 3465 645 3522 bleiben.
663 3498 698 3507 —
752 3465 855 3521 Ftnste
877 3482 934 3521 von
950 3463 1148 3534 Macedonum,
1170 3468 1313 3520 tto—129

140 3538 222 3606 domi,
248 3537 383 3592 wthrend
410 3553 441 3592 er
467 3536 507 3593 im
528 3536 615 3592 Felde
640 3537 698 3609 lag,
752 3556 777 3592 v.
797 3536 873 3606 Ohr.;
896 3536 1049 3594 Acttccbuc
1072 3536 1123 3591 der
1140 3534 1238 3592 (droise
1258 3551 1314 3590 von

139 3611 268 3679 veraagte
286 3607 346 3662 hm
364 3607 411 3666 die
433 3607 587 3691 Hilsgnnst
608 3608 700 3664 seiner
753 3607 864 3678 Syrien,
892 3613 1041 3664 att-187.
1082 3605 1196 3690 Philipp
1218 3605 1314 3662 nane

138 3677 297 3750 Hitburger
323 3677 459 3734 ‘deheim'
487 3695 550 3734 eme
574 3678 698 3751 krtt’cige
752 3678 879 3736 awaimal
900 3677 988 3751 Krieg
1013 3693 1106 3750 gegen
1132 3678 1179 3733 dre
1201 3677 1313 3744 Reman,

139 3749 275 3805 Unterstfi
363 3751 570 3817 .-oidetur...
577 3753 699 3820 misse
753 3755 894 3805 tlt-206
911 3750 971 3821 und
988 3754 1138 3818 200-19‘1,
1156 3747 1314 3806 Antiochus

145 3821 237 3876 ‘httte
261 3837 299 3890 er,
323 3838 352 3876 so
372 3821 433 3876 eint
455 3837 493 3892 es,
565 3820 699 3878 konnen’.
755 3820 867 3890 niuniel,
891 3825 1039 3878 ran-189.
1062 3852 1099 3862 —
1121 3821 1229 3890 abner,
1252 3817 1314 3873 also

141 3925 174 3934 —
194 3894 319 3948 mutem
338 3891 396 3947 ‘dis
411 3891 618 3964 ‘mohugkeiu
755 3890 828 3946 ohne
841 3891 894 3948 mit
906 3891 1313 3958 ffimausammennnkommem

175 3969 199 4017 3.
216 3970 372 4033 potorum
390 3962 442 4017 wir
457 3965 531 4023 ‘rom
544 3963 641 4018 Vater’
665 3996 700 4004 -
754 3962 802 4018 bei
819 3961 976 4018 Antiochus
999 3962 1130 4034 dagegen
1150 3979 1210 4017 war
1232 3977 1263 4016 er
1282 3959 1313 4013 in

74 4043 76 4048 '
140 4035 272 4105 deponere
290 4033 462 4104 ‘anfgeben’.
478 4066 512 4102 ··.
526 4036 576 4104 qui
636 4035 642 4048 '
755 4032 869 4105 eigener
894 4034 1006 4089 Person.
1035 4066 1069 4075 -
1096 4050 1181 4104 copus
1210 4052 1229 4088 o
1258 4030 1313 4112 ‘bis

204 4122 348 4175 mmmmm
361 4106 493 4161 muium
510 4105 621 4160 enthtt
638 4103 701 4160 eine
754 4103 1313 4161 von...her’bezeiohnetdiewe1te

140 4175 331 4247 Begrtndung
348 4193 412 4230 zum
431 4175 699 4247 Vorhergehenden:
753 4175 938 4246 Entfernung,
957 4192 1011 4230 von
1030 4175 1080 4231 der
1098 4192 1149 4230 aus
1163 4177 1251 4229 etwas
1265 4188 1314 4244 ge-

142 4248 204 4302 ‘hat
222 4262 252 4301 er
274 4246 347 4302 doch
362 4290 367 4302 .
384 4291 390 4302 .
406 4247 425 4302 .'
450 4245 626 4331 (eigemlichz
651 4248 700 4317 ‘er,
755 4245 872 4302 schieht.

141 4319 191 4401 der
205 4317 257 4401 ja.
275 4361 280 4373 .
296 4318 390 4444 Q
408 4335 502 4374 memo
526 4316 591 4372 ‘mit
608 4316 699 4374 seiner
772 4324 816 4400 ,2.
833 4317 975 4398 explorme
989 4315 1314 4441 ‘Erhundigunffim-

137 4392 281 4460 peringen
382 4389 400 4444 '.
755 4388 873 4443 nehen’.
897 4420 932 4430 -
954 4389 1071 4445 connisa
1092 4387 1190 4442 hier*
1277 4386 1314 4441 e’.
