2850 4740
137 212 180 277 86
444 211 502 267 XV.
531 211 802 266 EPAMINONDAS.
841 211 917 266 CAP.
939 208 962 267 6]
984 219 1007 267 7.

137 374 356 459 Callistratus,
389 373 636 439 Atheniensium
668 375 807 460 legatos,
839 374 895 459 qui
923 375 1107 458 eloquentia
1134 398 1244 441 omnes
1272 400 1310 443 eo

136 465 321 550 praestabat
357 469 515 548 tempore,
551 463 743 548 postularet,
780 467 816 527 ut
852 463 963 548 potius
994 464 1169 529 amicitiam
1201 488 1311 550 seque·
1407 537 1409 542 ,

136 558 248 617 rentur
271 551 467 637 Atticorum,
496 556 528 617 et
555 554 589 616 in
617 553 762 618 oratione
789 575 848 616 sua
874 552 978 616 multa
1001 553 1147 618 invectus
1171 559 1255 619 esset
1278 555 1324 619 iu·

102 659 118 727 2
137 641 308 706 Thebanos
332 646 364 706 et
387 641 541 727 Argium,
569 642 603 705 in
626 642 730 725 iisque
752 640 814 706 hoc
836 640 1009 726 posuisset,
1038 643 1180 707 animum
1203 643 1311 708 adrer-

138 735 205 795 tere
236 731 350 795 debere
377 729 532 816 Arcades,
560 730 665 814 qualis
692 733 828 813 utraque
856 729 969 794 civitas
998 731 1076 794 civis
1104 737 1312 817 procreasset,

138 842 177 884 ex
209 820 326 903 quibus
359 821 398 883 de
430 820 544 884 ceteris
575 823 708 904 possent
740 819 893 903 iudicare3
925 817 1065 904 Argivos
1099 821 1184 884 enim
1211 821 1311 886 fuisse

98 911 100 918 ’
137 906 284 973 Orestem
311 913 343 972 et
370 907 598 972 Alcmaeonem
625 908 823 993 matricidae,
855 906 975 972 Thebis
1003 905 1162 994 Oedlpum
1189 915 1312 995 natum,

103 1036 104 1039 =
137 998 193 1082 qui
230 1020 302 1062 cum
338 1002 464 1082 patrem
500 1020 593 1061 suum
631 997 856 1083 interfecisset,
892 1018 931 1060 ex
963 1000 1066 1060 matre
1088 997 1208 1062 liberos
1239 1022 1311 1084 pro-

101 1090 288 1151 aereasset:
320 1085 396 1150 huic
428 1086 463 1150 in
495 1085 715 1171 respondendo
743 1085 998 1171 Epaminondas,
1017 1108 1104 1166 ,curn
1132 1087 1170 1151 de
1198 1088 1312 1152 ceteris

136 1179 330 1260 perorasset,
353 1180 527 1259 postquam
550 1175 590 1239 ad
613 1174 670 1238 illa
693 1175 756 1239 duo
780 1174 954 1261 opprobria
975 1175 1136 1262 pervenit,
1159 1176 1311 1241 admirari

136 1286 170 1327 se
197 1264 281 1328 dixit
307 1263 483 1328 stultitiam
506 1262 645 1328 rhetoris
668 1262 784 1349 Attici,
813 1264 869 1348 qui
892 1285 957 1328 non
979 1258 1243 1329 animadverterit
1265 1264 1311 1328 in·

136 1357 287 1417 nocentes
315 1353 389 1416 illos
417 1357 511 1418 natos
539 1352 640 1438 domi,
667 1352 785 1417 scelere
812 1352 953 1417 admisso
981 1374 1055 1417 cum
1075 1353 1185 1438 patria
1205 1358 1313 1418 essent

76 1441 275 1527 .4expulsi,
307 1445 452 1526 receptos
485 1463 553 1505 esse
586 1441 626 1505 ab
658 1439 920 1506 Atheniensibus.
976 1439 1053 1505 Sed
1070 1441 1210 1507 maxime
1241 1443 1310 1507 eius

135 1530 319 1616 eloquentia
341 1531 444 1594 eluxit
467 1528 602 1615 Spartae
625 1534 699 1594 ante
721 1552 864 1616 pugnam
886 1530 1097 1595 Leuctricam.
1143 1529 1213 1606 Quo
1236 1553 1310 1596 eum

135 1619 278 1686 omnium
311 1620 472 1687 sociorum
504 1618 728 1687 convenissent
758 1619 871 1705 legati,
908 1641 1015 1684 coram
1048 1619 1309 1704 frequentissimo

135 1712 294 1773 conventu
326 1708 372 1772 sio
399 1707 725 1773 Lacedaemoniorum
756 1708 961 1791 tyrannidem
988 1708 1148 1795 coarguit,
1180 1713 1217 1772 ut
1244 1731 1310 1774 non

133 1798 241 1861 minus
272 1797 330 1861 illa
362 1796 507 1861 oratione
540 1819 616 1882 opes
649 1819 760 1861 eorum
791 1797 990 1862 concusserit
1017 1818 1114 1881 quam
1142 1797 1311 1863 Leuctrica

133 1908 250 1972 pugna.
301 1884 384 1950 Tum
416 1886 501 1949 enim
529 1885 678 1971 perfecit,
710 1886 797 1971 quod
824 1889 899 1971 post
927 1885 1091 1972 apparuit,
1123 1890 1160 1949 ut
1187 1885 1309 1951 auxilio

134 1979 595 2149 somoiimiliiiilsiarpidttidiitem
623 2084 818 2147 suorumque
844 2063 979 2127 iniurias
1003 2063 1158 2127 ferentem
1182 2062 1309 2149 civium,

134 2153 221 2236 quod
243 2174 277 2216 se
299 2151 423 2236 patriae
446 2153 541 2216 irasci
564 2153 654 2217 nefas
672 2174 742 2217 esse
760 2153 898 2236 duceret,
920 2150 1000 2217 haec
1019 2155 1096 2217 sunt
1113 2151 1309 2217 testimonia.

135 2241 216 2305 Cum
243 2263 317 2305 eum
343 2245 476 2327 propter
503 2241 657 2309 invidiam
685 2242 770 2305 cives
797 2241 848 2305 sui
874 2241 1047 2326 praeficere
1074 2240 1229 2306 exercitui
1254 2263 1309 2305 no·
1383 2253 1386 2260 '

109 2328 282 2416 luissent,
314 2330 441 2414 duxque
473 2335 558 2395 esset
589 2330 731 2394 delectus
762 2329 841 2393 belli
867 2328 1051 2415 imperitus,
1080 2330 1174 2395 cuius
1201 2351 1308 2394 errore

133 2440 184 2483 res
207 2441 245 2483 eo
269 2422 353 2483 esset
376 2419 521 2504 deducta,
544 2423 581 2484 ut
604 2441 714 2483 omnes
737 2419 776 2482 de
799 2418 903 2482 salute
925 2418 1198 2505 pertimescerent,
1221 2419 1308 2502 qnod
1370 2495 1373 2498 ‚

132 2506 278 2572 locorum
306 2507 465 2594 angustiis
493 2508 594 2573 clausi
621 2508 661 2572 ab
689 2507 838 2572 hostibus
862 2507 1106 2590 obsidebantur,
1134 2507 1309 2572 desiderari

134 2601 247 2682 coepta
283 2600 332 2661 est
363 2596 606 2682 Epaminondae
643 2596 825 2682 diligentia3
861 2600 930 2660 erat
966 2597 1052 2660 enim
1085 2596 1131 2659 ibi
1163 2597 1309 2682 privatus

99 2704 268 2751 ‘enumero
295 2685 419 2751 militis.
464 2685 495 2750 A
524 2707 587 2770 quo
615 2707 688 2750 cum
710 2689 857 2770 peterent
880 2707 987 2770 opem,
1014 2683 1137 2749 nullam
1161 2684 1310 2749 adhibuit

135 2914 168 2950 au
186 2896 354 2952 behandeln.
372 2927 408 2939 ·-
426 2912 517 2951 amaea
573 2896 695 2957 certabat
785 2895 815 2950 8.
833 2894 915 2948 auch
933 2894 963 2948 in
981 2895 1084 2950 hohem
1102 2894 1195 2949 Grada
1209 2895 1310 2949 solbet

134 2966 349 3038 ungewdhnlich
368 2970 439 3022 statt
456 2966 533 3022 omni
553 2985 586 3021 ur
599 2985 641 3036 pr.
660 2999 694 3007 —
743 2965 792 3020 los
809 2983 869 3020 war
885 2965 997 3046 Epam.;
1016 2982 1047 3019 so
1061 2966 1262 3020 unterdn'ichte
1280 2982 1309 3020 er

134 3037 695 3108 amicitiomsequi‘Freundsohafthalten
748 3035 828 3093 nieht
845 3054 898 3090 nur
916 3054 956 3090 nn
974 3036 1170 3107 Augenblielre
1189 3037 1239 3091 der
1257 3036 1310 3091 Ge-

134 3108 207 3164 mit'.
226 3141 261 3150 -
279 3111 366 3165 oculta
384 3109 492 3179 (Neutr.
512 3108 577 3180 Pl),
600 3108 640 3162 im
660 3108 693 3163 D.
748 3107 812 3161 fahr
826 3107 921 3161 aeinen
936 3105 1015 3161 Groll
1027 3107 1098 3161 fiber
1111 3107 1157 3161 die
1171 3107 1310 3178 unbillige
1382 3121 1385 3126 ·

135 3180 196 3234 adv.
218 3179 369 3234 ‘vielfaeh’.
749 3177 957 3234 Zurficksetzun
982 3221 989 3247 ,
1017 3178 1137 3232 sondern
1163 3197 1190 3232 w
1280 3195 1310 3232 es

170 3257 195 3306 2.
215 3252 306 3321 quatu
323 3251 398 3320 civia
421 3250 476 3322 vgl.
496 3251 528 3304 A.
548 3250 579 3305 B.
600 3247 639 3304 lb.
658 3281 693 3290 —
749 3249 822 3303 auch
848 3252 931 3303 anter
956 3197 1062 3327 defahr
1087 3248 1177 3303 seines
1223 3249 1309 3304 abens

134 3340 168 3377 cx
186 3323 284 3393 quibas
298 3322 382 3376 ‘nach
396 3321 508 3391 denen’,
527 3319 693 3392 eigentlich:
748 3338 811 3374 zum
836 3320 940 3375 Berten
967 3319 1016 3373 des
1038 3318 1226 3375 Vatarlandes
1254 3320 1310 3374 den

134 3409 188 3448 von
205 3391 330 3448 walchen
346 3392 517 3463 ausgehend.
535 3424 571 3433 —
592 3392 695 3447 &esua
748 3389 886 3446 Geaetzen
903 3409 938 3444 zu
956 3393 1073 3446 trotaen

134 3466 225 3520 totete
246 3463 324 3519 aeine
345 3464 452 3518 Mutter
473 3463 694 3534 Klytdmneatra
784 3469 808 3516 1.
828 3462 938 3531 Furere,
952 3461 1029 3532 Subj.
1049 3478 1120 3516 eum.
1135 3493 1170 3502 -
1182 3462 1311 3530 serentem

135 3533 199 3589 weil
217 3533 258 3589 sie
276 3533 373 3590 seinen
395 3534 485 3589 Vater
501 3535 695 3606 Agamemnon
749 3533 820 3587 ‘fah'
847 3577 854 3602 ‚
882 3552 915 3586 zu
943 3533 1095 3614 ertragen’.
1122 3545 1158 3574 -‘-
1190 3534 1309 3589 dircen:

135 3606 274 3663 emordet
308 3605 401 3676 hatte,
437 3605 587 3662 Alcmaeon
618 3605 696 3660 aeine
749 3604 814 3658 dem
858 3604 912 3674 onj.
933 3604 1089 3686 entspnoht
1106 3603 1146 3657 im
1163 3603 1196 3660 D.
1211 3603 1309 3658 hinzu-

134 3677 241 3733 Mutter
258 3676 392 3758 Eriphyla
412 3692 512 3748 wagan
533 3676 608 3731 ihrea
626 3676 697 3731 Ver·
749 3675 879 3799 ςοῐᾱὲωε
900 3673 1064 3729 ‘viellercht’
1083 3673 1151 3730 oder
1165 3674 1309 3729 ‘mochte’.

135 3750 211 3803 rates
225 3764 263 3803 an
276 3763 383 3802 earnem
395 3747 484 3802 Vater
497 3748 552 3803 Am
571 3747 694 3803 hierace.
750 3779 784 3786 —
830 3762 862 3800 or
877 3747 943 3802 hacc
961 3753 1066 3802 acme
1153 3744 1309 3801 e‘dsfnr‘.

134 3818 192 3874 Der
208 3819 296 3874 Vater
313 3819 363 3874 des
379 3819 499 3888 wabrie
516 3817 589 3874 hiel's
602 3819 695 3888 Latos,
750 3849 784 3858 -
803 3805 879 3871 liber
896 3817 942 3873 aui
959 3817 1015 3888 vgl.
1031 3817 1062 3871 A.
1103 3822 1161 3872 .1⁰.
1176 3848 1212 3858 -
1225 3833 1267 3872 raa
1280 3833 1311 3872 co

136 3889 519 3945 dieMutterIokaate.-ca
532 3896 618 3948 matre
632 3889 697 3944 ‘mit
747 3889 893 3944 &dodim
926 3888 967 3942 ‘es
999 3888 1108 3943 kommt
1139 3887 1247 3943 dahin’.
1275 3920 1311 3928 —

136 3959 227 4016 seiner
244 3961 370 4015 Mutter’.
749 3961 868 4015 locorum
879 3959 939 4013 ‘dee
949 3957 1151 4014 Geltndee’.-
1159 3958 1312 4015 desiderari

171 4038 195 4087 3.
214 4034 248 4088 dc
265 4033 365 4101 cauas,
384 4031 410 4087 d.
429 4031 448 4087 i.
468 4033 539 4086 iiber
554 4031 600 4086 die
618 4029 694 4086 abri-
748 4038 841 4101 σοφία
858 4037 905 4099 cat,
923 4029 964 4083 im
980 4029 1014 4084 D.
1034 4027 1120 4085 aktiv.
1138 4028 1193 4084 mit
1212 4030 1309 4086 ‘man'.

68 4108 72 4116 '
155 4119 190 4158 en
212 4103 331 4159 Punkte.
355 4135 388 4145 -
412 4104 581 4172 immoratae,
603 4102 644 4157 im
660 4102 693 4157 D.
749 4133 784 4142 -
807 4103 937 4172 pravatus
964 4101 1048 4156 ‘ohne
1074 4101 1167 4169 Amt’3
1198 4118 1311 4157 numero

134 4123 202 4246 iuge
226 4173 353 4229 ‘Kinder’
376 4173 475 4244 hinem
497 4182 577 4231 nawa
600 4173 695 4229 aulau-
751 4172 792 4226 ‘in
802 4169 1055 4244 derIligenschilt'
1069 4170 1218 4227 oderblofe
1234 4171 1310 4227 (εἰς’.

135 4245 214 4300 losen
231 4245 306 4301 nach
322 4245 355 4301 A
370 4245 402 4302 B.
418 4247 475 4300 18⁶.
785 4250 810 4298 2.
824 4245 931 4299 nullom
945 4243 1073 4300 mouit
1082 4245 1239 4300 memoriam
1249 4243 1312 4297 ‘un-

171 4324 196 4372 4.
218 4317 287 4388 Quo,
305 4315 344 4372 im
363 4316 397 4376 D.
417 4317 520 4372 ‘Dort’.
534 4349 569 4358 -
584 4323 648 4388 port
661 4342 695 4363 =
748 4314 911 4370 terdrflclrte
929 4313 976 4369 die
989 4313 1167 4386 Erinnernng
1185 4331 1242 4369 an.
1259 4356 1265 4368 .
1282 4314 1310 4383 .’;

135 4391 242 4458 postea.
750 4384 921 4456 cigentlich‘?
1280 4445 1282 4448 ,
