2850 4740
469 182 527 241 vn.
555 186 775 243 ALCIBIADES.
813 186 889 244 cAP.
909 194 932 244 a.
954 194 976 242 a.
1265 185 1306 249 47

141 311 255 412 turum¹
272 347 474 432 Lysandrum
502 348 653 414 dimicare
680 353 738 414 aut
760 372 872 435 pacem
894 354 1016 436 petere,
1041 351 1310 416 Lacedaemonios

141 458 178 500 eo
206 436 292 500 nolle
320 435 420 501 classe
447 437 632 523 confligere,
659 438 746 522 quod
767 438 969 523 pedestribus
992 439 1094 524 copiis
1116 439 1190 524 plus
1213 460 1311 523 quam

140 525 277 589 navibus
299 523 456 610 valerent,
479 526 541 589 sibi
564 530 672 590 autem
695 548 764 590 esse
786 527 880 592 facile
901 526 1072 613 Seuthem,
1086 549 1193 613 regem
1211 527 1346 596 Thrac

141 635 227 697 cum,
254 613 423 698 adducere,
450 619 487 678 ut
514 636 587 678 eum
614 620 700 679 terra
724 615 908 701 depelleret3
936 637 1000 699 quo
1023 616 1108 680 facto
1131 616 1310 680 necessario

140 706 197 765 aut
219 700 320 765 classe
344 701 568 767 conflicturum
590 707 647 767 aut
665 703 786 767 bellum
805 704 1066 788 compositurum.
1101 702 1140 767 Id
1158 703 1219 768 etsi
1237 725 1310 768 vere
1329 721 1346 769 4

142 789 263 853 dictum
290 789 451 854 Philocles
481 790 768 877 animadvertebat,
800 796 907 856 tamen
934 792 1098 877 postulata
1125 793 1228 857 facere
1256 813 1310 856 no—

140 876 211 962 luit,
235 878 321 961 quod
344 879 502 943 sentiebat
524 900 558 958 se
576 877 743 944 Alcibiade
766 885 894 965 recepto
915 880 1036 945 nullius
1053 880 1208 945 momenti
1225 880 1312 964 apud

140 966 315 1029 exercitum
337 967 492 1053 futurum,
515 971 556 1053 et,
579 968 607 1031 si
630 967 708 1052 quid
731 969 860 1032 secundi
884 969 1050 1053 evenisset,
1072 968 1195 1033 nullam
1216 968 1249 1032 iu
1274 989 1311 1032 ca

140 1075 174 1117 re
198 1076 288 1118 suam
311 1059 435 1138 partem
459 1056 540 1140 fore,
566 1060 677 1121 contra
701 1077 751 1140 ea,
774 1057 802 1121 si
825 1057 903 1140 quid
925 1057 1050 1121 adversi
1074 1057 1254 1140 accidisset,
1277 1077 1311 1120 se

140 1164 240 1205 unum
264 1143 332 1206 eius
355 1143 465 1208 delicti
487 1144 632 1209 futurum
655 1165 752 1209 reum.
788 1144 846 1209 ‘Ab'
864 1144 926 1210 hoc
945 1145 1108 1209 discedens
1127 1144 1310 1209 Alcibiades
1330 1161 1347 1210 t

141 1229 323 1306 ‘Quoniam'
348 1232 455 1316 inquit
478 1232 642 1297 ‘victoriae
656 1233 788 1317 ‘patriae
811 1255 984 1318 repugnas,
1012 1233 1093 1297 illud
1116 1254 1244 1317 moneo,
1271 1254 1311 1296 ne

140 1319 231 1382 iuxta
258 1319 385 1383 hostem
413 1324 518 1385 castra
544 1320 663 1385 habeas
690 1322 832 1407 nautica3
864 1320 1042 1407 periculum
1070 1326 1119 1385 est
1146 1321 1244 1405 enim,
1272 1342 1311 1385 ue

140 1407 344 1472 immodestia
371 1408 512 1472 militum
539 1414 719 1474 vestrorum
747 1410 871 1475 occasio
900 1410 993 1473 detur
1019 1409 1184 1493 Lysandro
1211 1409 1309 1473 vestri

141 1496 342 1579 opprimendi
379 1497 557 1561 exercitus'.
616 1498 729 1582 Neque
766 1520 803 1562 ea
837 1520 887 1562 res
920 1498 1012 1562 illum
1044 1498 1167 1562 fefellit.
1225 1495 1347 1562 Name

139 1582 313 1668 Lysander,
336 1606 408 1647 cum
431 1607 489 1668 per
512 1585 728 1670 speculatores
751 1587 959 1670 comperisset
981 1586 1115 1673 vulgum
1137 1585 1311 1650 Athenien-

140 1671 224 1734 sium
257 1673 289 1734 in
322 1677 441 1736 terram
467 1674 655 1757 praedatum
683 1675 787 1739 exisse
813 1696 973 1759 navesque
1000 1696 1100 1758 paene
1127 1675 1238 1738 inanes
1264 1693 1311 1737 re-

139 1758 247 1844 lictas,
275 1765 402 1844 tempus
430 1762 476 1825 rei
504 1763 660 1847 gerendae
687 1784 752 1827 non
776 1763 900 1827 dimisit
922 1785 1022 1847 eoque
1046 1763 1168 1847 impetu
1190 1760 1312 1826 bellum

140 1851 245 1914 totum
269 1848 394 1912 delevit.

230 1938 259 2000 9.
290 1934 337 2000 At
372 1936 569 2024 Alcibiades,
605 1939 700 2003 victis
735 1938 988 2004 Atheniensibus
1024 1960 1089 2003 non
1125 1939 1204 2002 satis
1240 1940 1312 2002 tuta

141 2025 250 2088 eadem
274 2025 344 2089 loca
367 2025 430 2089 sibi
453 2025 627 2110 arbitrans,
649 2028 778 2111 penitus
802 2028 836 2091 in
858 2026 1027 2091 Thraciam
1056 2049 1089 2091 se
1117 2048 1213 2110 supra
1234 2025 1311 2089 Pro-

139 2112 305 2195 pontidem
328 2113 464 2199 abdidit,
490 2136 621 2198 sperans
648 2115 693 2179 ibi
721 2115 873 2181 facillime
901 2137 992 2179 suam
1017 2115 1181 2179 fortunam
1209 2111 1311 2177 occuli

139 2221 242 2284 posse.
287 2200 391 2266 Falso.
437 2201 522 2266 Nam
544 2202 697 2290 Thraces,
719 2208 890 2288 postquam
916 2226 988 2268 eum
1015 2225 1088 2267 cum
1115 2223 1232 2288 magna
1259 2222 1346 2285 pea

139 2290 234 2352 cunia
255 2290 380 2354 venisse
404 2296 580 2374 senserunt,
603 2291 736 2357 insidias
758 2293 916 2377 fecerunt-3
938 2292 999 2376 ‚qui
1022 2314 1071 2376 ea,
1095 2313 1175 2374 quae
1198 2311 1311 2374 appor-

139 2380 234 2460 tarat,
257 2376 471 2463 abstulerunt,
499 2379 604 2463 ipsum
631 2402 743 2465 capere
769 2402 834 2444 non
862 2385 1044 2464 potuerunt.
1093 2377 1152 2443 Ille
1180 2398 1345 2444 semensa

140 2465 264 2528 nullum
287 2465 393 2529 locum
417 2466 478 2530 sibi
507 2472 613 2532 tutum
641 2469 674 2532 in
699 2468 832 2534 Graecia
859 2473 989 2553 propter
1016 2467 1194 2552 potentiam
1215 2466 1311 2531 Lace

140 2553 394 2640 daemoniorum,
422 2555 463 2619 ad
489 2555 731 2621 Pharnabazum
759 2558 792 2620 in
815 2555 926 2621 Asiam
951 2556 1092 2641 transiit,
1120 2577 1215 2639 quem
1242 2553 1311 2638 qui-

139 2779 198 2834 ihm
226 2781 285 2834 dics
311 2783 427 2851 gamag,
456 2783 530 2835 lehrt
552 2788 602 2848 §4
625 2784 697 2851 qaod
751 2783 895 2837 denudas
915 2780 1311 2852 UngltickeineeFeldhemn

139 2852 270 2907 wambae
283 2869 310 2906 ce
320 2854 463 2906 Alcibiade
475 2860 578 2922 recepto
592 2855 697 2909 nullius
750 2854 813 2923 galt
844 2852 907 2907 dem
935 2853 1026 2907 Volke
1056 2851 1142 2906 leicht
1170 2852 1211 2904 als
1238 2850 1307 2904 Ver-

140 2925 266 2977 momenti
292 2924 369 2991 apud
396 2925 541 2978 caeritum
562 2925 696 2990 satiarem.
749 2924 884 2992 brechen,
908 2923 961 2993 vgl.
983 2930 1007 2991 7,
1022 2929 1038 2976 2
1055 2930 1088 2978 at
1106 2924 1198 2978 onznia
1216 2922 1308 2976 minas

139 3023 173 3032 -—
192 2994 218 3048 ai
234 2994 392 3061 aellmt,'d.
412 2994 439 3048 h.
462 3010 542 3047 wenn
561 2993 601 3048 sie
621 2993 697 3048 aeine
747 3011 875 3064 prospere
905 3002 980 3066 qesta
1006 2994 1125 3062 calpae
1151 2994 1306 3048 tribtoermt.

140 3063 281 3117 Forderun
334 3064 452 3118 eritillen
483 3064 609 3119 wollten:
647 3082 696 3118 aus
751 3083 879 3120 —ream
899 3063 1155 3119 ‘verantwortlich’.

140 3139 186 3199 §4
210 3083 323 3202 emeth,
348 3135 409 3187 dass
429 3151 459 3188 er
478 3135 552 3189 seine
571 3135 697 3189 Wieder-
787 3142 810 3190 5.
843 3137 915 3190 illud
946 3153 1039 3190 moneo
1071 3135 1114 3188 ‘ao
1140 3151 1234 3188 warne
1261 3133 1308 3187 ich

140 3203 289 3258 aufnahme
321 3205 397 3258 beim
422 3206 511 3260 Heere
544 3206 695 3276 verlangte.
751 3207 828 3276 (dich
845 3206 1026 3276 wenigeteus)
1045 3205 1150 3259 davor'.

140 3307 174 3314 —
189 3275 228 3328 Zu
242 3293 269 3333 se
282 3283 438 3330 coartatam
451 3277 506 3346 vgl.
522 3278 552 3330 Α,
564 3277 593 3330 Β.
606 3283 647 3331 17,
662 3310 696 3317 —
787 3285 810 3332 6.
831 3295 873 3332 res
886 3295 927 3332 me
940 3277 1015 3343 fallit
1031 3276 1088 3329 ‘ich
1101 3275 1219 3330 t'auschc
1232 3275 1307 3329 mich

140 3345 697 3417 eoablcausae‘deswegen’.-pedeetres
751 3347 780 3401 in
808 3348 884 3402 einer
912 3347 1021 3401 Sache’.
1047 3379 1082 3386 -
1111 3348 1156 3400 cal
1173 3364 1231 3402 um:
1259 3347 1308 3401 be-

139 3418 233 3485 oopiae
250 3417 288 3470 im
302 3416 460 3487 Gegenaatz
479 3437 513 3471 zu
531 3435 613 3473 acces
631 3419 698 3473 oder
751 3419 833 3472 achte
866 3417 911 3472 die
943 3417 1118 3488 ungewthnl.
1147 3364 1295 3471 decusativ

140 3488 235 3543 elassa
251 3488 338 3542 haifst
354 3487 434 3543 nicht
453 3489 616 3543 ‘Fulsvolk’.
751 3490 834 3544 form!
872 3522 905 3529 -
938 3490 1103 3558 praedatam
1140 3488 1235 3557 Supin.
1273 3521 1307 3529 -

175 3565 200 3613 3.
228 3576 300 3627 eam,
332 3559 514 3628 Lysandrum.
560 3559 696 3614 Dasselbe
751 3569 854 3630 ternpus
873 3558 1089 3629 ‘Gelegenheit’.

140 3627 260 3698 Suby'elrt
282 3628 321 3684 ist
342 3648 376 3683 zu
396 3630 449 3683 den
469 3631 570 3684 beiden
588 3630 696 3700 folgen-
785 3631 814 3686 9.
847 3631 936 3684 Alcib.
970 3630 1039 3699 geht
1068 3629 1141 3682 nach
1169 3629 1309 3684 Thraoien

78 3714 81 3718 ⁴
140 3698 195 3753 den
225 3699 384 3755 Infinitivcn
416 3719 450 3753 zu
482 3706 628 3770 ergbnaen.
661 3733 694 3741 -
750 3701 865 3769 aurach,
894 3701 969 3754 dann
992 3700 1065 3753 nach
1088 3699 1250 3755 Kleinasien
1274 3719 1308 3753 zu

141 3785 194 3838 qua
211 3771 284 3837 sacto
304 3771 460 3839 ‘aladann’3
479 3771 611 3840 eigentl.?
749 3771 947 3826 Phamabaaus
971 3771 1029 3823 und
1051 3770 1177 3840 gedenlrt
1199 3787 1252 3824 von
1271 3771 1305 3824 da

175 3847 200 3894 4.
215 3843 321 3896 walliae
329 3843 455 3897 manenti
464 3859 517 3897 esec
526 3845 598 3912 (gen.
610 3842 696 3911 qual.)
750 3859 800 3896 aus
842 3842 897 3896 den
937 3840 1122 3910 Perserkbnig
1162 3841 1207 3894 fiir
1248 3840 1309 3896 sein

141 3909 219 3964 ‘kain
227 3910 465 3980 Gewichthaben,
478 3913 569 3966 nichts
579 3911 695 3982 gelten’.
749 3913 905 3967 Vaterland
923 3930 957 3965 zu
976 3910 1129 3983 gewinneu.

140 4011 173 4021 -
193 3981 233 4035 Zu
250 3985 276 4037 si
293 3985 360 4052 qaid
378 3983 432 4053 vgl.
451 3984 482 4037 A.
497 3984 528 4038 B.
544 3989 569 4051 5,
588 4001 622 4036 zu
640 4001 695 4038 ecc-
739 4025 743 4032 .
786 3990 809 4038 1.
830 3985 929 4051 eaden,
948 3998 992 4036 wo
1011 3999 1040 4035 er
1059 3981 1120 4035 sich
1137 3981 1232 4036 bisher
1247 3983 1307 4036 auf-

140 4055 223 4108 aiceet
241 4054 272 4107 A.
287 4054 318 4108 B.
335 4060 375 4108 16.
396 4085 429 4094 -
448 4055 555 4108 natham
573 4055 696 4108 tueare
749 4054 884 4124 gehalten
906 4054 994 4108 hatte.
1014 4085 1047 4092 -
1070 4054 1212 4120 tbrtaaam
1236 4053 1308 4106 ‘sein

139 4141 217 4179 suam
236 4132 342 4192 partem
364 4125 423 4192 fore
442 4125 484 4184 ‘er
500 4125 592 4179 werde
611 4124 696 4178 dabei
750 4125 916 4194 Schicksal’,
936 4122 1053 4193 folglich
1073 4123 1145 4176 auch
1164 4123 1225 4178 sein
1241 4123 1308 4177 Aur-

139 4211 210 4266 gana
228 4195 288 4248 lecr
305 4195 473 4319 auspehen',
496 4194 642 4250 wortliche
660 4226 696 4235 —
750 4197 867 4251 euthalt.
1211 4210 1212 4214 ’

49 4312 52 4320 .
138 4273 234 4321 carrara
266 4270 298 4320 ea
344 4266 480 4325 eraucht
506 4265 540 4319 N.
569 4265 696 4336 htufiger
786 4273 809 4320 2.
829 4267 869 4320 Zu
888 4269 978 4336 ipsam
996 4263 1051 4334 vgl.
1071 4265 1103 4319 A.
1119 4264 1149 4319 B.
1165 4271 1198 4321 1¹.

140 4336 182 4390 als
203 4336 253 4390 'dae
272 4335 297 4390 α’
330 4337 399 4391 ache
418 4339 522 4392 contra.
542 4369 575 4377 -
595 4337 694 4403 delicti,
785 4341 808 4390 3.
835 4338 1047 4392 Pharnabazum
1075 4353 1095 4388 e.
1125 4351 1159 4388 an
1181 4332 1306 4404 v14,1.
