2850 4740
496 211 542 265 IX.
572 209 704 265 GONON,
740 210 816 266 CAP.
831 215 856 264 4.
876 216 901 264 5.
1244 208 1287 273 57

120 374 295 458 ceterisque
318 372 489 437 maritimis
508 372 694 438 civitatibus
711 372 802 437 navis
824 371 938 458 longas
956 371 1128 456 imperaret
1145 369 1291 435 classem·

55 492 58 501 1
120 483 196 547 que,
219 482 282 546 qua
303 460 450 544 proxima
472 464 595 527 aestate
616 482 704 525 mare
727 460 810 525 tueri
833 464 956 544 posset,
979 462 1191 545 compararet,
1214 458 1290 523 dato

119 549 265 615 adiutore
287 548 503 635 Pharnabazo,
526 549 700 633 sicutipse
721 549 876 614 voluerat.
921 546 959 613 Id
976 552 1014 612 ut
1031 546 1290 612 Lacedaemoniis
1309 563 1326 611 3

119 643 169 703 eat
195 637 393 723 nuntiatum,
419 660 484 703 non
513 637 582 702 sine
609 659 685 702 cura
712 659 779 702 rem
807 637 1046 721 administrant,
1074 635 1160 721 quod
1186 635 1291 700 maius

119 725 240 792 bellum
270 726 436 791 imminere
464 726 717 810 arbitrabantur,
745 747 841 810 quam
868 725 896 790 si
926 746 998 789 cum
1025 724 1162 789 barbaro
1186 723 1291 788 solum

120 814 355 879 contenderent.
405 813 491 878 Nam
514 814 627 879 ducem
649 814 767 878 fortem
789 816 823 878 et
844 814 1034 898 prudentem
1056 812 1154 898 regiis
1176 811 1291 897 opibus

119 901 341 986 praefutumm
378 924 415 967 ac
451 923 559 967 secum
595 901 821 969 dimicaturum
857 901 1022 986 videbant,
1058 922 1153 985 quem
1188 922 1296 985 neque.

33 1024 36 1030 f
119 990 255 1055 consilio
282 1011 386 1075 neque
414 989 514 1073 copiis
541 1011 691 1074 superare
718 993 857 1073 possent.
907 989 977 1055 Hac
1003 993 1111 1054 mente
1141 1011 1194 1054 ma
1240 1004 1328 1052 amr

119 1077 314 1144 contrahunt
337 1077 484 1163 classem3
506 1077 753 1161 proficiscuntur
775 1077 931 1143 Pisandro
954 1077 1041 1142 duce.
1087 1075 1157 1141 Hos
1180 1011 1292 1142 Chiron

118 1166 204 1251 apud
222 1164 361 1242 Gnidum
384 1165 524 1231 adortus.
538 1186 655 1251 magno
678 1165 802 1251 proelio
820 1166 923 1253 sugat,
945 1164 1064 1231 multas
1083 1186 1179 1230 naves
1198 1164 1347 1249 capitem

119 1253 298 1339 complures
330 1253 489 1338 deprimit.
544 1252 615 1330 Qua
645 1253 782 1319 victoria
813 1276 878 1319 non
910 1253 1015 1318 solum
1046 1252 1207 1338 Athenae,
1238 1253 1293 1318 sed

118 1343 216 1407 etiam
243 1345 359 1406 cuncta
386 1340 533 1426 Graecia,
561 1363 642 1427 quae
671 1342 730 1406 sub
757 1342 1082 1408 Lacedaemoniorum
1109 1341 1215 1406 fuerat
1236 1341 1294 1405 im·

119 1430 218 1515 perio,
240 1430 377 1495 liberata
399 1434 458 1498 est.
504 1428 616 1495 Conon
639 1452 712 1495 cum
729 1434 821 1514 parte
838 1429 971 1496 narium
988 1430 1023 1494 in
1040 1429 1179 1514 patriam
1197 1429 1295 1513 venit,
1313 1445 1330 1493 o

119 1540 230 1584 muros
258 1518 383 1585 dirutos
411 1541 430 1582 a
457 1517 624 1602 Lysandro
654 1523 821 1604 utrosque,
843 1522 878 1583 et
899 1518 1006 1584 Piraei
1029 1522 1062 1583 et
1083 1515 1294 1601 Athenarum,

120 1607 311 1694 reficiendos,
344 1611 436 1671 curat
471 1606 686 1692 pecuniaeque
723 1607 958 1692 quinquaginta
995 1605 1130 1692 talenta,
1162 1627 1243 1692 quae
1274 1627 1294 1669 a

118 1694 326 1759 Pharnabazo
349 1698 528 1781 acceperat,
550 1695 673 1760 civibus
697 1695 764 1759 suis
786 1695 893 1761 donat.

209 1783 239 1848 5.
265 1781 395 1847 Accidit
420 1782 509 1869 huic,
536 1783 623 1868 quod
650 1784 763 1848 ceteris
790 1783 996 1869 mortalibus,
1022 1787 1060 1848 ut
1082 1781 1295 1847 inconsidera-

120 1872 185 1937 tior
214 1870 249 1935 in
276 1870 414 1936 secunda
441 1893 537 1956 quam
564 1871 599 1935 in
626 1872 759 1936 adversa
789 1875 873 1937 esset
898 1871 1036 1957 fortuna
1085 1869 1171 1936 Nam
1195 1868 1295 1935 classe

120 1958 427 2043 Peloponnesiorum
459 1959 585 2025 deuote
616 1982 689 2025 cum
719 1960 826 2024 ultum
858 1981 892 2024 se
924 1960 1057 2024 iniurias
1088 1958 1211 2043 patriae
1237 1980 1295 2043 pu-

121 2051 214 2133 taret,
236 2047 330 2131 plura
352 2047 545 2133 concupivit,
568 2069 664 2133 quam
687 2047 813 2113 efficere
835 2048 951 2132 potuit.
996 2047 1109 2132 Neque
1132 2052 1239 2111 tamen
1259 2062 1330 2110 aaa

120 2157 186 2201 non
208 2135 263 2220 pia
285 2139 318 2200 et
339 2135 506 2220 probanda
527 2136 672 2222 filerunt,
699 2136 785 2221 quod
807 2130 916 2221 potius
937 2135 1061 2220 patriae
1085 2156 1162 2220 opes
1185 2134 1296 2220 augeri

122 2246 219 2309 quam
236 2223 322 2308 regis
340 2223 463 2288 maluit.
499 2222 592 2290 Nam*
604 2246 676 2289 cum
694 2244 846 2309 magnam
863 2223 1088 2289 auctoritatem
1107 2223 1169 2287 sibi
1187 2243 1297 2308 pugna

123 2311 179 2375 illa
215 2311 336 2397 navali,
372 2334 469 2397 quam
505 2312 591 2397 apud
628 2311 766 2377 Gnidum
805 2312 937 2398 fecerat,
973 2311 1195 2377 constituisset
1230 2332 1296 2376 non

123 2399 228 2465 sulum
250 2400 335 2466 inter
357 2399 521 2487 barbaros,
545 2400 601 2464 sed
624 2399 851 2465 etiamomnes
870 2400 1021 2473 Graeciae
1039 2400 1195 2486 civitates,
1214 2399 1296 2464 clam

122 2487 197 2552 dare
225 2509 354 2572 operam
382 2489 501 2573 eoepit,
534 2492 572 2552 ut
598 2486 724 2553 Ioniam
751 2493 784 2554 et
810 2487 958 2553 Aeoliam
986 2489 1171 2553 restitueret
1197 2485 1296 2553 Athe-

121 2575 295 2642 niensibus.
345 2574 384 2640 Id
411 2599 484 2641 cum
511 2577 618 2641 minus
646 2576 816 2661 diligenter
839 2581 924 2641 esset
947 2576 1098 2663 celatum,
1120 2575 1334 2660 Tiribazus,a

123 2665 178 2748 qui
201 2663 356 2730 Sardibus
383 2669 543 2750 praeerat,
572 2663 736 2730 Cononem
759 2666 917 2750 evocavit,
948 2664 1102 2729 simulans
1125 2664 1165 2729 ad
1188 2685 1297 2749 regem
1310 2687 1352 2728 aaa

122 2753 195 2816 eum
232 2773 266 2816 se
302 2751 430 2817 mittere
466 2753 548 2817 velle
579 2773 697 2838 magne
728 2754 766 2817 de
799 2775 840 2817 re.
895 2752 1002 2816 Huius
1033 2753 1148 2818 nuntio
1181 2774 1297 2836 parens

122 2862 195 2904 cum
227 2840 380 2925 venisset,
413 2840 446 2904 in
480 2840 586 2905 vincla
617 2841 780 2906 coniectus
808 2846 870 2924 est3
897 2842 931 2905 in
960 2840 1076 2926 quibus
1099 2840 1296 2925 aliquamdiu

123 3012 237 3083 Kbnigs.
266 3045 301 3054 -
328 3014 473 3082 imperaret
506 3015 550 3068 ‘au
583 3014 683 3068 stellen
736 3015 850 3069 bauen’.
865 3046 901 3054 —
914 3013 1296 3070 talentotlTalent=rund

125 3083 271 3154 (sehaffen,
297 3083 406 3152 liefern)
430 3084 561 3139 befehle’.
607 3073 684 3139 liber
737 3091 806 3139 4800
824 3085 907 3138 Mark
939 3102 959 3139 s.
979 3103 1014 3138 zu
1031 3085 1083 3153 1⁷,
1099 3090 1123 3139 6.

122 3156 204 3210 mois
220 3154 275 3224 vgl.
294 3154 327 3208 A.
347 3154 378 3208 B.
399 3152 437 3209 lb.
771 3156 801 3212 ὅ.
826 3155 884 3210 Das
906 3127 1010 3210 defnhl
1037 3156 1087 3210 des
1111 3154 1206 3226 Sieges
1233 3171 1293 3210 ver·

159 3223 684 3295 8.caro‘Sorgsalt'.-admiaiatrant
735 3225 817 3282 leitet
843 3225 939 3281 Conon
970 3243 1004 3279 zu
1033 3225 1166 3281 weiteren
1192 3225 1294 3282 Unter-

125 3295 486 3364 ‘betreiben’.-auperare
498 3295 561 3350 hier
575 3297 682 3351 ‘ruvor-
734 3297 916 3367 nehmungem
952 3295 993 3350 im
1026 3296 1163 3352 Interesse
1201 3296 1294 3353 aeiner

122 3366 214 3421 thun’.
733 3367 914 3430 Veteratadt:
936 3366 973 3420 da
991 3366 1075 3424 ereilt
1091 3366 1142 3421 ihn
1160 3366 1229 3423 aber
1246 3366 1292 3422 die

157 3442 183 3491 4.
201 3437 284 3508 supet
303 3482 308 3491 .
329 3478 335 3491 .
356 3479 362 3491 .
381 3439 456 3506 capit
475 3481 480 3492 .
501 3480 507 3491 .
528 3479 534 3491 .
553 3437 681 3507 deprimit
734 3438 830 3493 Raohe
857 3438 907 3492 der
928 3437 1039 3506 Perser,
1068 3437 1115 3492 die
1141 3437 1192 3492 ibn
1218 3438 1292 3493 nach

123 3507 231 3630 Sbohrt
247 3506 278 3560 in
298 3507 353 3561 den
371 3505 503 3578 Grund’):
523 3508 575 3561 das
590 3507 690 3578 hayn-
734 3509 836 3564 Sardes
862 3507 963 3563 locken
985 3507 1044 3562 und
1066 3507 1130 3563 dort
1151 3509 1292 3633 {asangm

1177 3580 1291 3635 ekannt.

122 3647 398 3718 Aufeinanderfolge.
417 3680 453 3689 -
470 3651 520 3703 aab
542 3649 680 3704 Lacedae·
771 3657 794 3704 1.
804 3651 900 3718 eumn,
909 3649 995 3704 nhml.
1006 3651 1292 3721 esse.—potricc,ge

122 3720 275 3774 munimem
292 3720 385 3786 fuerat
401 3720 522 3789 imperio,
543 3718 598 3774 aeit
616 3719 680 3774 dem
734 3723 790 3774 net.
813 3719 968 3775 obiectivus
992 3720 1067 3774 ‘dem
1084 3719 1118 3775 V.
1137 3720 1292 3792 rugefugt’.

123 3789 203 3844 Ende
217 3788 545 3860 despeloponnesisehen
553 3789 621 3845 Krie
641 3806 680 3845 ea.
770 3797 794 3845 2.
822 3791 918 3860 Neque
944 3798 1035 3846 tamea
1060 3806 1118 3853 noa
1145 3791 1235 3846 ‘Doch
1261 3791 1292 3846 in

159 3866 184 3914 5,
203 3875 295 3916 maroe
312 3867 450 3929 aaronque:
468 3876 523 3914 von
542 3860 597 3914 den
640 3878 681 3914 m·
734 3860 1293 3932 derThat'.-eo‘dieseBeshebungen’3

123 3930 368 4001 fasaungemauern
391 3930 468 3985 einer
490 3930 573 3985 Stadt
593 3930 689 4002 pflegt·
730 3933 783 4001 piu
816 3930 1014 4001 ‘patriotiach’.
1046 3963 1082 3973 —
1113 3934 1294 3990 connitum

123 4000 173 4055 der
191 3999 265 4056 Plur.
288 4003 363 4056 muri
385 4001 542 4071 gebraucht
559 4019 594 4054 an
611 4018 680 4056 wer·
738 4002 905 4073 ‘begrdndet
926 4002 1027 4057 hatte'.
1046 4035 1081 4044 -
1098 4004 1171 4058 inter
1189 4003 1227 4058 ist
1244 4003 1292 4059 bei

124 4071 187 4140 den,
202 4072 251 4126 der
265 4087 295 4125 so
304 4070 545 4142 gewissermassen
555 4071 681 4126 Plurale·
734 4089 824 4128 maaca
839 4073 887 4128 Gr.
906 4074 1028 4129 avitam
1046 4091 1081 4126 au
1096 4073 1293 4130 wiederholen.

123 4144 235 4197 tantum
265 4141 349 4210 wird3
381 4143 481 4196 darum
508 4143 559 4197 der
584 4142 681 4198 Plural
770 4148 794 4198 8.
816 4143 963 4199 Tiribocaa
980 4160 1039 4198 war
1057 4143 1293 4200 Statthaltervon

123 4219 257 4282 auosque.
276 4245 311 4254 —
328 4212 385 4267 Ver
404 4214 500 4268 Piraei
523 4213 580 4268 und
598 4215 680 4269 Atte-
734 4213 843 4283 Lydien
861 4214 920 4268 und
933 4213 1046 4283 Karion,
1066 4213 1125 4269 also
1140 4215 1186 4270 ein
1199 4214 1293 4269 Nach-

123 4301 224 4338 nomm
250 4283 317 4354 finge
344 4282 384 4337 im
407 4284 441 4338 D.
470 4282 539 4338 ‘die’
569 4283 622 4338 ein.
646 4316 680 4324 -
734 4284 825 4355 folger
844 4285 893 4339 des
911 4283 1119 4355 Tissaphernes.
1135 4318 1168 4326 —
1185 4302 1295 4342 evocare

123 4355 281 4423 reficiendos
307 4362 386 4410 curat
414 4354 494 4409 ‘lhsst
517 4354 682 4410 wiederauf·
736 4356 782 4409 ‘au
801 4354 861 4410 sich
878 4355 1011 4410 fordern'.

143 3580 209 3632 aton
225 3577 410 3633 versinnlicht
421 3577 482 3631 hier
496 3576 543 3633 die
557 3577 681 3633 schnelle
734 3583 841 3648 setaen;
869 3578 929 3634 sein
951 3579 1031 3634 Ende
1057 3578 1097 3634 ist
1118 3597 1157 3633 un
