2850 4740
326 202 344 233 ·
456 211 552 267 xum.
580 211 761 268 auunuas.
798 211 875 268 cna.
895 218 919 266 s.
939 217 963 267 a.
1155 256 1157 260 ,
1230 210 1293 277 105
1353 295 1356 299 ⁴

125 379 270 440 uteretur
296 379 329 440 et
357 396 376 438 a
403 373 547 459 corporis
572 379 664 439 motu
692 396 757 439 non
779 378 1003 440 removeretur.
1050 371 1334 459 Substringebato

125 468 222 549 caput
253 463 323 529 loro
356 463 467 548 altius,
500 484 596 547 quam
627 467 665 527 ut
695 462 858 548 prioribus
889 463 1025 548 pedibus
1056 461 1151 546 plane
1177 465 1297 526 terram

81 584 99 605 ι·
112 556 235 637 ‘posset
270 551 442 638 attingere,
479 548 591 617 deiride
626 551 860 636 posterioribus
897 550 1032 638 cogebat
1068 549 1229 615 exsultare
1264 552 1297 615 et

125 641 227 706 calces
255 641 425 705 remittere.
477 639 538 717 Qui
566 643 674 705 motus
702 661 767 704 non
794 640 900 705 minus
928 640 1077 704 sudorem
1106 637 1296 722 excutiebat,

21 758 42 769 ·=
71 710 221 814 ·-squam
245 730 272 794 si
295 730 329 793 in
352 728 459 814 spatio
483 729 671 794 decurreret.
717 728 787 806 Quo
810 728 931 793 factum
954 732 1016 813 est,
1040 727 1126 813 quod
1148 727 1334 792 omnibusa

125 817 272 883 mirabile
301 821 351 882 est
377 817 497 903 visum,
523 821 561 881 ut
588 838 688 901 aeque
715 816 819 881 nitida
841 817 984 881 iumenta
1007 838 1045 881 ex
1068 815 1200 882 castello
1223 815 1298 880 edu·

126 911 224 992 caret,
256 929 329 972 cum
360 905 541 991 complures
572 927 698 970 menses
730 906 764 970 in
791 905 958 970 obsidione
984 906 1113 990 fuisset,
1144 926 1181 969 ac
1208 904 1236 968 si
1263 903 1297 967 in

126 995 360 1081 campestribus
383 1016 421 1059 ea
443 994 523 1059 loeis
545 993 720 1059 habuisset.
761 992 800 1058 In
821 992 883 1059 hac
901 993 1114 1077 conclusione,
1136 992 1332 1077 quotiens-s

126 1106 261 1168 cumque
284 1083 402 1167 voluit,
425 1086 615 1167 apparatum
638 1087 671 1146 et
692 1082 888 1147 munitiones
910 1081 1068 1168 Antigoni
1091 1082 1171 1146 alias
1193 1081 1299 1146 iucen-

69 1197 71 1200 ·
127 1173 188 1258 dit,
216 1172 297 1237 alias
320 1171 454 1237 disiecit.
500 1170 618 1235 'lenuit
640 1175 748 1235 autem
772 1192 805 1235 se
827 1193 892 1235 uno
915 1171 995 1255 locu,
1020 1169 1172 1256 quamdiu
1194 1168 1297 1234 hiems

125 1262 197 1346 fuit,
221 1260 307 1347 quod
329 1264 435 1325 castra
458 1260 517 1324 sub
541 1259 616 1324 divo
633 1259 751 1324 habere
769 1281 834 1324 non
852 1264 986 1344 poterat.
1027 1257 1093 1325 Ubi
1111 1279 1168 1323 ver
1185 1280 1298 1343 appro-

125 1349 316 1435 pinquabat,
348 1347 512 1415 simulata'
527 1348 701 1433 deditione,
734 1348 810 1412 dum
838 1348 876 1411 de
904 1347 1145 1413 condicionibus
1172 1349 1299 1430 tractat,

125 1437 296 1591 praelfeetis
327 1437 486 1522 Antigoni
522 1437 678 1521 imposuit
711 1458 808 1522 seque
839 1458 877 1501 ac
909 1457 984 1500 suos
1016 1457 1127 1501 omnes
1158 1434 1301 1501 extraxit
1381 1431 1384 1439 ’

125 1548 197 1592 mco
210 1549 303 1590 umis.

215 1619 244 1681 6.
272 1614 325 1679 Ad
346 1614 433 1678 hunc
456 1611 636 1699 Olympias,
659 1616 763 1678 mater
787 1634 867 1699 quae
890 1614 996 1677 furerat
1018 1611 1203 1695 Alexandri,
1226 1633 1299 1675 cum

125 1704 251 1768 litteras
275 1708 307 1768 et
330 1702 461 1767 nuntios
479 1701 622 1767 misisset
639 1702 674 1766 in
692 1701 807 1766 Asiam
823 1702 1015 1786 consultum,
1036 1706 1146 1766 utrum
1165 1721 1299 1786 regnum

126 1792 298 1877 repetitum
317 1792 351 1855 in
368 1791 589 1856 Macedoniam
607 1791 732 1856 veniret
751 1789 838 1878 (nam
857 1794 926 1855 tum
945 1790 979 1854 in
998 1789 1099 1874 Epiro
1116 1786 1299 1874 habitabat)

126 1886 159 1948 et
185 1902 240 1945 eas
267 1902 317 1944 res
346 1884 529 1964 occuparet,
556 1879 632 1944 huic
655 1878 709 1943 ille
732 1879 872 1964 primum
895 1879 1010 1963 suasit,
1037 1899 1077 1942 ne
1100 1899 1134 1942 se
1157 1880 1337 1942 movereta

127 1975 164 2034 et-
190 1973 403 2053 exspectaret,
437 1968 541 2053 quoad
569 1967 744 2033 Alexandri
775 1967 863 2031 filius
896 1989 1028 2053 regnum
1057 1966 1300 2051 adipisceretur;

127 2059 177 2122 sin
206 2057 314 2142 aliqua
341 2057 516 2141 cupiditate
544 2060 710 2141 raperetur
737 2057 771 2120 in
796 2056 1030 2138 Macedoniam,
1058 2055 1300 2119 oblivisceretur

127 2146 271 2211 omnium
298 2145 488 2209 iniuriarum
512 2148 544 2208 et
566 2145 599 2209 in
623 2145 783 2229 neminem
806 2144 966 2209 acerbiore
989 2147 1134 2208 uteretur
1156 2143 1299 2228 imperio.

125 2233 252 2299 Horum
280 2233 339 2297 illa
366 2233 448 2298 nihil
475 2234 559 2298 fecit.
604 2232 692 2298 Nam
718 2238 751 2298 et
777 2234 812 2297 in
835 2232 1056 2298 Macedoniam
1083 2232 1227 2316 profecta
1250 2234 1337 2295 esta

127 2327 159 2387 et
182 2322 228 2387 ibi
252 2321 472 2387 crudelissime
495 2343 529 2386 se
552 2322 661 2408 gessit.
702 2321 791 2386 Petit
812 2327 920 2386 autem
938 2322 979 2385 ab
998 2320 1142 2384 Eumene
1160 2321 1300 2404 absente,

126 2433 166 2476 ne
193 2415 357 2496 pateretur
379 2409 523 2496 Philippi
546 2410 660 2476 domus
684 2433 720 2475 ac
742 2410 883 2474 familiae
906 2409 1144 2474 inimicissimos
1167 2409 1300 2494 stirpem

115 2503 255 2585 'quoque
287 2500 484 2584 interimere,
515 2498 677 2584 ferretque
705 2520 798 2584 opem
824 2498 935 2562 liberis
963 2497 1146 2561 Alexandri.
1196 2495 1337 2574 Quam4

130 2745 388 2798 =ut'e0.·-cibo
400 2742 619 2799 amaurimD.
635 2742 691 2797 ein
744 2743 835 2813 (³0der
861 2742 963 2808 nicht')
990 2742 1029 2797 ist
1051 2741 1242 2796 uuterdrdclrt.
1264 2773 1299 2780 —

128 2813 225 2882 Wort,
249 2831 269 2868 s.
294 2832 328 2867 au
351 2813 404 2882 le,
418 2818 443 2867 8.
463 2845 498 2854 -
517 2832 535 2868 a
557 2821 631 2869 motu
648 2831 689 2870 re·
743 2831 790 2868 eas
810 2831 853 2868 rea
876 2813 969 2881 (nbml.
992 2811 1200 2882 Macedonicas)
1223 2828 1300 2867 occsa

128 2885 230 2940 moueat
260 2884 344 2939 ‘ohne
366 2884 528 2955 Bewegung
554 2883 688 2955 bleiben',
779 2891 821 2940 ret
855 2883 926 2939 ‘sich
950 2884 1008 2938 *der
1039 2882 1204 2938 Herrschast
1236 2882 1300 2937 dort

164 2960 188 3010 5.
214 2956 299 3010 cubes
325 2956 457 3010 remittas
484 2955 567 3009 ‘nach
589 2954 690 3010 hinten
762 2954 940 3024 emaebtigen
959 2954 1061 3010 sollte’.

131 3025 337 3096 ausschlagen’.
357 3058 392 3066 -
410 3028 530 3095 spatium
551 3025 613 3081 bier
632 3025 689 3081 ‘die
778 3032 803 3080 2.
819 3027 942 3096 ptumum
962 3025 1145 3092 ‘auvbrderst,
1164 3024 1194 3079 in
1214 3026 1301 3078 crater

128 3096 307 3152 Rennbahn-’.
742 3096 847 3164 Linie';
875 3097 926 3150 das
949 3095 1052 3150 Zweite
1078 3095 1153 3166 folgt
1175 3111 1229 3150 von
1255 3095 1301 3150 sia

164 3172 188 3222 6.
225 3166 368 3232 Verbinde
410 3184 492 3238 oeque
527 3168 629 3233 aalide¹
656 3185 689 3223 uc
742 3169 838 3237 ulmea
857 3184 901 3221 an.
916 3184 992 3222 —se
1009 3183 1111 3222 morere
1128 3165 1300 3237 ‘vorgehen’.

128 3239 171 3308 (A.
186 3237 217 3293 B.
237 3240 272 3308 8).
299 3271 333 3279 -
361 3255 423 3293 eum
503 3239 600 3305 suisset
621 3237 688 3292 Ein-
742 3269 776 3279 —
804 3245 830 3293 et
857 3238 1008 3307 ‘sondem’,
1035 3236 1133 3292 wobei,
1148 3244 1180 3292 ut
1202 3255 1236 3290 au
1258 3251 1301 3290 er-

128 3311 349 3381 raumungssata.
364 3339 400 3350 -
414 3310 563 3377 complaces
579 3325 687 3377 meuses
741 3314 850 3379 genuen
872 3307 910 3363 ist
933 3312 993 3378 (aus
1015 3311 1067 3376 ue).
1086 3341 1122 3348 —
1144 3308 1302 3364 Alexandri

129 3395 253 3450 genauer
270 3380 321 3434 das
340 3395 430 3450 gance
447 3379 517 3434 Jahr
535 3386 595 3435 319.
742 3380 825 3448 filius,
845 3380 895 3434 der
913 3379 1022 3433 damals
1041 3381 1114 3433 etwa
1127 3376 1300 3448 fr'infjahrige

132 3456 134 3459 ’
165 3455 188 3504 l.
216 3452 255 3505 Ia
288 3450 464 3504 ‘Wdhrendl
483 3483 519 3490 —
538 3451 611 3505 alius
742 3450 908 3505 Alexander.
972 3449 1029 3504 Der
1076 3450 1178 3503 andere
1224 3447 1300 3504 Solm

128 3522 201 3576 olias
223 3521 303 3575 ‘bald
322 3565 328 3576 .
345 3565 350 3575 .
367 3565 372 3575 .
392 3521 480 3576 bald’.
501 3553 534 3562 -
554 3522 689 3591 inspersere
742 3521 914 3575 Alexanders
964 3521 1013 3574 des
1061 3519 1178 3575 Grossen
1226 3519 1301 3575 hiess

128 3593 227 3661 claui,
251 3591 276 3647 e’
313 3592 364 3646 utl.
390 3591 495 3647 ‘ciuem
518 3596 605 3646 etwas
628 3591 688 3646 auf-
732 3591 886 3647 'Herakles
932 3624 965 3632 -
1011 3592 1108 3661 aliqua
1151 3591 1302 3660 cupiditate

127 3661 244 3731 heiten’,
295 3662 338 3717 .i.
365 3661 458 3717 ‘einen
476 3663 633 3718 thuscben'.
653 3695 687 3704 -
744 3663 842 3717 ‘durch
867 3661 913 3716 ein
931 3662 1099 3717 besonderes
1118 3661 1184 3715 Verl
1280 3662 1299 3716 '.

17 3778 19 3783 .
127 3728 436 3789 iacohrmts:A.B.1⁶.
742 3765 775 3774 -
798 3735 864 3803 rapt
892 3733 963 3787 ‘sich
986 3733 1160 3803 hingezogen
1243 3733 1300 3787 en'.

163 3805 193 3859 a.
207 3804 267 3858 Auf
277 3802 324 3858 die
337 3803 434 3859 Bitten
448 3822 501 3858 von
514 3803 687 3859 Alexanders
741 3836 775 3845 -
799 3805 999 3860 obliuisceretur
1021 3821 1047 3858 u.
1071 3810 1191 3859 cleram
1237 3811 1300 3858 aud·

127 3874 234 3930 Mutter
248 3873 393 3945 Olympias
408 3874 515 3929 erkldrt
529 3874 589 3929 sich
597 3875 687 3943 Eum,
741 3874 838 3944 fiben’)
866 3873 1057 3929 Kon'unktive
1086 3873 1125 3927 im
1152 3804 1301 3929 Aullbrde-

128 3945 260 4016 obgleich
286 3961 316 3999 er
344 3948 401 4000 erat
428 3945 547 4000 anderen
568 3945 688 4000 Ansicht
742 3949 898 4017 rungssata.
927 3894 1040 4000 ldbeuso
1059 3951 1074 4010 ς
1091 3951 1109 3998 4
1124 3952 1245 4014 pararet.
1265 3975 1299 3986 -

127 4015 177 4084 ist,
204 4015 308 4086 bereit,
332 4034 381 4070 aur
402 4015 688 4088 Wiedergewinnung
741 4018 876 4072 acutiore
903 4017 1048 4071 ubersetze
1075 4015 1149 4069 uach
1176 4015 1208 4071 A.
1227 4015 1259 4071 Β.
1275 4021 1298 4071 7.

127 4086 326 4142 Macedonicus
344 4086 497 4158 behilflich
516 4105 550 4140 au
569 4087 637 4143 sein.
776 4094 801 4143 t.
820 4104 848 4143 se
866 4105 955 4158 perere
971 4087 1142 4141 ‘austraten’.
1158 4119 1191 4127 -
1206 4087 1299 4141 misni·

164 4165 188 4212 1.
206 4159 306 4226 fuerat,
326 4158 377 4212 das
396 4157 601 4229 Plusquampi.,
622 4156 687 4212 weil
740 4159 862 4214 sissima
875 4157 938 4228 (mit
948 4157 1027 4228 Gen)
1040 4157 1096 4211 ‘die
1106 4156 1299 4211 erbittertsten

127 4228 287 4283 Alexander
317 4227 398 4283 nicht
428 4229 507 4283 mehr
538 4228 624 4285 lebte.
652 4261 686 4270 -
740 4228 865 4284 Feinde’.
885 4261 920 4270 -
937 4231 989 4284 scir
1009 4246 1050 4283 em
1072 4245 1190 4298 wertse,
1212 4226 1299 4282 ndml.

126 4301 278 4358 rosaltum
300 4317 327 4354 u.
350 4301 492 4381 repetitum
515 4299 629 4371 Supina.
651 4332 687 4341 -
741 4299 874 4371 Philippi.
911 4332 945 4341 -
983 4246 1023 4352 Ab
1063 4303 1145 4368 tenet
1181 4303 1300 4369 ergdnae

126 4376 226 4439 aarum,
247 4371 298 4424 das
317 4373 414 4425 awerte
429 4369 512 4425 aliod
533 4371 583 4425 der
596 4371 686 4442 Frage
741 4370 846 4425 wieder
863 4378 894 4426 ut
912 4373 975 4441 (aus
993 4372 1044 4440 ue).
