2850 4740
353 224 437 281 XXV.
466 223 496 285 Τ.
516 223 725 280 POMPONIUS
743 221 903 279 amcos,
941 223 1016 278 CAP.
1036 229 1060 276 3.
1080 229 1105 277 4.

1251 223 1314 287 143

141 413 200 474 res,
225 411 305 474 quos
328 391 469 472 possent,
492 386 619 472 publice
641 386 797 452 haberent
820 387 984 471 civemque
1007 387 1110 450 facere
1137 386 1314 470 studerent;

141 500 205 562 quo
238 478 392 542 beneficio
425 476 480 541 ille
511 476 561 540 uti
592 476 706 540 noluit.

761 474 920 552 Quamdiu
949 476 1065 558 adluit,
1093 498 1132 539 ne
1161 497 1224 559 qua
1240 475 1348 538 sibi-2

144 571 252 631 statua
273 569 447 650 poneretur
469 565 602 650 restitit,
625 565 740 630 absens
763 563 934 648 prohibere
957 586 1019 635 non
1040 563 1155 648 potuit.
1200 562 1313 648 Itaque

141 657 265 740 aliquot
289 655 350 739 ipsi
375 658 408 719 et
425 653 559 718 Phidiae
582 654 662 718 locis
682 653 892 720 sanctissimis
911 657 1101 736 posuenmt:
1125 652 1211 716 hune
1228 653 1312 716 enim

141 745 171 808 in
202 744 289 808 omni
320 744 545 827 procuratione
567 743 613 807 rei
638 742 785 826 publicae
808 747 946 806 actorem
972 745 1197 825 auctoremque
1219 740 1313 805 habe·

143 834 219 897 bant
247 833 461 917 potissimum.
514 830 619 917 Igitur
642 831 782 915 primum
806 831 885 894 illud
909 853 1025 894 munus
1048 831 1204 913 fortunae,
1228 831 1347 914 quoda

141 922 174 986 in
201 943 239 986 ea
268 921 346 985 urbe
369 925 465 985 natus
488 925 550 1004 est,
573 920 606 984 in
631 942 694 1004 qua
717 919 913 983 domicilium
939 919 1025 983 orbis
1048 924 1205 983 terrarum
1229 923 1313 982 esset

140 1010 277 1096 imperii,
295 1014 331 1073 ut
350 1009 483 1074 eandem
502 1012 535 1073 et
552 1009 691 1093 patriam
708 1007 841 1073 haberet
860 1013 892 1073 et
911 1008 1055 1092 domum,
1072 1007 1134 1072 hoc
1153 1008 1312 1091 specimen

137 1099 341 1184 prudentiae,
374 1097 473 1182 quod,
502 1121 573 1161 cum
601 1098 634 1161 in
663 1120 733 1161 eam
757 1119 791 1160 se
814 1097 977 1160 civitatem
1001 1095 1203 1180 contulisset,
1232 1119 1312 1180 qnae

138 1188 344 1272 antiquitate,
373 1186 573 1264 humanitate
598 1187 805 1270 doctrinaque
828 1189 1006 1269 praestaret
1029 1206 1148 1269 omncs,
1180 1208 1260 1248 unus
1283 1187 1309 1248 ei

139 1278 202 1340 luit
225 1276 417 1341 carissimus.

113 1446 117 1452 ¹
226 1366 256 1428 4;
288 1364 362 1428 Huc
393 1388 432 1428 ex
461 1363 539 1427 Asia
570 1363 659 1428 Sulla
688 1363 841 1427 decedens
875 1386 947 1426 curn
974 1362 1127 1446 venisset,
1160 1362 1311 1446 quamdiu
1326 1391 1352 1428 u

139 1455 185 1518 ibi
208 1454 285 1537 fuit,
308 1475 416 1523 secum
440 1453 553 1516 habuit
576 1452 806 1536 Pomponium,
830 1452 942 1536 captus
966 1450 1178 1515 adulescentis
1201 1455 1234 1514 et
1255 1450 1312 1515 hu-

140 1543 295 1607 manitate
319 1545 352 1606 et
375 1541 528 1606 doctrina.
575 1541 629 1606 Sic
651 1541 736 1605 enim
757 1540 875 1606 Graece
898 1539 1098 1625 loquebatur,
1121 1543 1157 1602 ut
1175 1537 1312 1604 Athenis

138 1635 233 1696 natus
257 1631 442 1714 uideretur,
474 1634 565 1694 tanta
597 1634 704 1694 autem
739 1629 880 1694 suavitas
912 1633 981 1693 erat
1013 1625 1168 1693 sermonis
1195 1627 1312 1711 Latini,

138 1725 175 1784 ut
203 1724 371 1803 appareret
398 1720 432 1783 in
460 1742 498 1783 eo
521 1719 667 1782 nativum
690 1718 848 1802 quendam
871 1718 1013 1802 leporem
1036 1739 1117 1801 esse,
1147 1738 1212 1781 non
1234 1717 1311 1781 asci-

138 1813 217 1873 tum.
270 1806 359 1872 Idem
382 1812 532 1891 poemata
554 1807 784 1891 pronuntiabat
808 1811 841 1871 et
865 1806 983 1872 Graece
1006 1810 1039 1870 et
1061 1805 1175 1870 Latine
1198 1806 1252 1889 sic,
1274 1810 1312 1868 ut

139 1920 236 1981 supra
263 1895 346 1960 nihil
372 1900 482 1979 posset
510 1896 592 1959 addi.
648 1896 771 1972 Quibus
802 1896 894 1960 rebus
922 1898 1044 1964 lactum
1071 1898 1133 1975 est,
1161 1899 1199 1958 ut
1222 1893 1345 1959 Sullae

138 2007 296 2071 nusquam
330 2007 403 2048 eum
435 1985 476 2048 ab
509 2007 542 2050 se
575 1985 753 2049 dimitteret
785 1989 976 2069 cuperetque
1010 2006 1115 2048 secum
1149 1983 1310 2050 deducere.

103 2112 105 2114 ·
139 2073 199 2139 Cui
223 2097 295 2139 cum
318 2073 508 2158 persuadere
532 2078 680 2157 tentaret,
704 2073 801 2157 ‘Noli,
825 2095 881 2138 oro
904 2074 958 2156 te',
982 2073 1087 2156 inquit
1104 2071 1311 2156 Pomponius,

138 2163 319 2228 ‘adversum
342 2183 398 2226 eos
422 2185 472 2226 me
494 2162 576 2227 velle
600 2163 731 2246 ducere,
747 2185 819 2226 cum
844 2161 960 2247 quibus
984 2183 1023 2225 ne
1042 2164 1203 2226 contrata
1223 2183 1311 2224 arma

137 2253 268 2336 ferrem,
291 2250 420 2315 Italiam
443 2251 579 2336 reliqui'.
632 2250 677 2315 At
701 2251 804 2336 Sulla,
827 2250 1038 2327 adulescentis
1063 2250 1170 2335 officio
1194 2249 1309 2314 collau-

138 2340 228 2425 dato,
259 2340 367 2404 omnia
398 2362 529 2404 munera
563 2341 601 2426 ei,
629 2362 709 2424 quae
732 2339 870 2404 Athenis
898 2343 1071 2422 acceperat,
1102 2338 1308 2422 proficiscens

137 2430 232 2494 iussit
255 2427 379 2493 deferri.

138 2549 225 2605 soviel
241 2549 295 2604 wie
317 2549 481 2620 ‘leutselig'.
500 2582 535 2592 —-
553 2568 619 2620 quos
633 2567 696 2620 poa·

140 2628 200 2678 sent
213 2621 255 2675 als
269 2619 404 2675 Gadanke
418 2620 468 2674 der
480 2620 618 2690 Athener3
632 2621 695 2676 wir:

139 2692 207 2747 ‘alle
229 2710 283 2746 nur
304 2691 485 2762 moglichen’.
510 2725 543 2733 -
561 2693 697 2761 'bmfies'o

139 2762 385 2833 ‘Ausaeichnung’.

173 2840 198 2889 t.
222 2834 354 2889 Phidiae:
377 2850 434 2888 wer
457 2833 547 2890 damit
573 2833 697 2905 gemeint

136 2904 183 2976 ist,
201 2903 302 2959 nissen
315 2903 368 2958 wir
382 2904 474 2972 nicht3
493 2904 566 2958 doch
583 2909 696 2959 mi‘iesen

138 2975 191 3030 wir
214 2975 289 3030 wohl
316 2992 353 3029 un
380 2975 435 3030 den
461 2975 570 3030 Numen
598 2975 698 3046 irgend

138 3046 214 3101 eines
242 3046 380 3100 Atheners
408 3046 531 3114 denken,
560 3047 610 3100 der
636 3046 697 3100 sich

139 3119 242 3172 ebenso
260 3116 328 3171 oder
345 3115 418 3171 noch
435 3118 515 3171 mehr
529 3117 570 3171 als
584 3117 697 3172 Atticus

138 3207 185 3243 um
213 3188 265 3242 das
288 3188 476 3242 Staatswesen
501 3188 628 3243 verdient
649 3204 697 3260 ge-

138 3259 235 3314 macht
247 3259 305 3314 hat.
320 3291 355 3299 -
369 3267 453 3328 octor,
470 3258 520 3313 der
532 3263 619 3314 etwas
634 3276 696 3314 ans-

138 3331 231 3399 fr'ihrt3
253 3337 362 3398 amor,
386 3329 436 3384 der
458 3329 553 3384 seinen
571 3331 629 3385 Rat
648 3349 697 3385 aur

138 3400 300 3456 Ansfflhrun
330 3400 418 3470 giebt.
441 3388 697 3457 liberadasWort-

138 3472 222 3543 spiel:
241 3471 293 3526 ‘sie
302 3419 408 3526 hatten
421 3470 471 3526 ihn
485 3490 547 3526 aum
560 3472 695 3527 Beistand

138 3543 169 3596 in
186 3543 243 3597 leat
260 3542 318 3597 und
337 3541 431 3597 That‘.
704 3570 706 3572 v

174 3620 198 3670 3.
219 3615 340 3684 minum
368 3613 534 3668 ‘annbchst’.
559 3646 592 3654 -
616 3616 696 3682 illud,

139 3684 225 3756 Subj,
250 3701 350 3739 manue
367 3685 496 3752 torturum
518 3687 590 3756 (est),
613 3686 695 3740 Prae.

138 3756 249 3810 Ebenso
266 3754 391 3810 nachher
416 3757 465 3811 boc
481 3759 614 3825 specimen
628 3775 696 3826 pru·

139 3827 254 3883 dentice.
275 3858 308 3866 —
326 3827 436 3896 imperii
457 3828 530 3882 orbis
554 3834 697 3896 marana,

138 3896 179 3952 im
200 3897 233 3952 D.
257 3896 313 3952 ein
333 3897 423 3952 Wort.
447 3929 482 3938 -·
500 3900 598 3969 patrio
620 3898 696 3970 (Ge-

137 3968 286 4039 burtsort')
311 3967 368 4022 und
393 3970 489 4024 donnus
512 3968 695 4040 (³Wohnort')

138 4040 264 4094 konnten
287 4055 323 4093 an
346 4036 406 4094 sich
433 4039 513 4095 recht
539 4039 612 4095 wohl
640 4058 694 4095 von

139 4110 274 4166 einander
285 4109 465 4164 verschieden
479 4111 547 4166 sein.
557 4144 591 4152 ψ·
600 4113 696 4167 toour-

139 4183 213 4238 m'tua
223 4176 592 4252 ‘Bildnng'.-(praeaturet)
606 4200 696 4239 cnaeus

139 4254 210 4307 statt
232 4251 368 4308 omnibus.
388 4283 423 4294 --
441 4270 527 4322 emus,
550 4253 577 4308 d.
591 4253 619 4310 h.
642 4253 696 4307 wic

139 4326 217 4377 sonat
233 4322 373 4378 niemand.

175 4393 203 4451 4.
222 4393 333 4449 Atticus
355 4393 386 4448 in
409 4393 513 4448 seinern
533 4394 696 4450 Verbaltnis

751 2568 785 2603 au
817 2548 896 2602 Sulla
927 2548 985 2601 und
1017 2566 1051 2601 aa
1082 2547 1179 2601 seinen
1206 2548 1309 2602 Frenu-

741 2622 806 2675 ·den
833 2619 863 2673 in
888 2619 971 2687 Rom3
1000 2619 1060 2673 sein
1087 2617 1228 2674 Abschied
1256 2635 1309 2672 von

750 2693 851 2746 Athen.
934 2715 935 2718 ¹

787 2768 812 2817 1.
831 2779 864 2816 ex
881 2762 953 2816 Asia
970 2761 1105 2828 decedens,
1130 2761 1203 2814 nach
1222 2761 1309 2814 Been·

750 2833 859 2904 digung
871 2831 920 2887 dee
929 2831 1175 2886 Mithridatischen
1184 2831 1308 2902 Kriegea

750 2938 784 2945 -
816 2912 906 2959 acaum
939 2904 997 2956 ‘um
1029 2902 1109 2956 sich'.
1134 2935 1167 2942 -
1195 2904 1247 2969 sic,
1277 2909 1309 2958 ut

750 2993 836 3045 supra
852 2973 925 3028 asbel
942 2981 1033 3044 posset
1054 2974 1130 3041 addi,
1154 2973 1180 3027 d.
1195 2973 1222 3027 h.
1246 2973 1308 3027 dala

751 3062 781 3100 es
799 3045 860 3100 sich
876 3044 957 3100 nicht
974 3043 1071 3099 weitos
1094 3045 1174 3098 hatte
1192 3043 1309 3097 vervoll·

749 3118 900 3171 hommnen
912 3115 1019 3184 lescen,
1034 3115 1073 3169 im
1086 3115 1119 3168 D.
1135 3114 1181 3168 ein
1196 3114 1307 3169 adverb.

749 3187 905 3243 Ausdruch.

786 3266 810 3314 2.
829 3260 888 3313 uoti
906 3275 954 3312 vor
972 3259 1044 3326 celle,
1058 3256 1225 3328 behagliche
1238 3257 1308 3311 Ans-

750 3328 945 3396 druchsweise,
965 3331 1040 3382 etwa
1063 3327 1127 3382 ‘lale
1147 3326 1211 3382 dir's
1229 3327 1309 3382 nicht

750 3402 780 3455 in
798 3400 854 3456 den
871 3399 941 3454 Sina
957 3399 1097 3467 hominen,
1121 3399 1211 3453 denke
1230 3398 1310 3453 nicht

749 3473 858 3527 daran’.
873 3503 906 3511 -
921 3472 1064 3526 adversum
1078 3486 1129 3539 eos,
1144 3470 1170 3525 d.
1184 3470 1202 3524 i.
1218 3486 1308 3541 gagen

750 3544 796 3598 die
820 3541 1007 3597 Marianische
1029 3540 1133 3608 Partei,
1155 3544 1239 3595 unter
1260 3540 1309 3597 der

749 3616 807 3668 Att.
836 3614 953 3667 manche
986 3612 1126 3692 Frcundc·
1144 3612 1245 3666 abhlte.
1274 3643 1307 3652 -

750 3687 1077 3836 &beltildim
1091 3683 1308 3835 aetitia:

751 3828 896 3896 sata),d1c
919 3826 979 3881 s1ch
1001 3843 1038 3879 rm
1058 3825 1091 3879 ll.
1113 3825 1195 3879 mcht
1215 3841 1307 3896 genau

749 3898 918 3952 nachbilden
938 3895 1018 3965 lassu
1037 3899 1111 3979 etun
1135 3895 1199 3949 ‘mit
1216 3895 1307 3950 denen

748 3966 1307 4106 nsselilrsstttltlslauffflru
1375 4019 1382 4032 ²

749 4110 795 4165 ich
827 4111 927 4165 Italian
959 4109 1090 4164 verliels’.
1140 4096 1216 4162 llber
1246 4125 1308 4166 cum

749 4184 848 4252 quiduis
866 4183 921 4263 vgl.
942 4181 974 4235 A.
996 4181 1024 4234 Β,
1041 4188 1077 4234 1⁰.
1092 4212 1125 4220 -
1140 4181 1231 4248 officio
1246 4178 1308 4233 hier

752 4253 814 4306 ‘ilas
841 4251 1060 4324 Pflichtgel'tihl’,
1094 4251 1144 4305 das
1177 4250 1227 4303 ihn
1257 4249 1307 4304 ab·

749 4323 833 4392 hialt,
870 4340 961 4396 gagen
997 4322 1074 4376 scine
1110 4321 1237 4376 heunde
1272 4338 1307 4375 au

750 4393 889 4464 hempfen.
914 4426 948 4436 -
971 4395 1075 4461 ‹tcferre
1103 4391 1296 4446 ‘uberweisen’
