2850 4740
143 187 209 252 134
448 188 546 244 XXHL
574 188 771 244 HANNIBAL.
809 189 884 247 CAP.
905 195 946 244 ιο.
967 195 1008 243 11.

141 349 358 434 Superabatur
384 351 516 415 navium
542 352 762 436 multitudine,
790 353 864 417 dolo
892 358 962 417 erat
987 351 1209 438 pugnandum,
1237 373 1310 416 cum

139 462 198 524 par
234 462 297 504 non
334 445 419 504 esset
454 440 560 504 armis.
615 439 790 524 Imperavit
822 464 918 526 quam
950 442 1106 526 plurimas
1138 445 1310 505 venenatas

105 535 303 613 sserpentes
331 529 420 593 viras
448 529 556 614 colligi
585 550 702 613 easque
730 529 763 593 in
790 553 867 594 vasa
894 531 1007 595 fictilia
1029 530 1140 595 conici.
1185 529 1310 594 Harum

139 639 211 681 cum
239 617 397 681 effecisset
424 639 573 702 magnam
601 618 855 704 multitudinem,
882 619 933 683 die
962 620 1047 704 ipso,
1075 640 1139 703 quo
1167 618 1311 683 facturus

139 710 208 770 erat
244 706 356 771 navale
390 706 563 791 proelium,
600 707 783 771 classiarios
820 712 976 773 convocat
1011 708 1115 792 iisque
1147 707 1311 792 praecipit,

139 816 249 859 omnes
272 798 309 858 ut
332 795 366 858 in
389 817 486 859 unam
508 794 663 860 Eumenis
687 797 772 881 regis
795 801 988 861 concurrant
1009 818 1132 882 navem,
1155 818 1174 860 a
1196 797 1311 860 cetens

140 888 265 947 tantum
293 884 373 947 satis
395 883 536 948 habeant
560 906 593 948 se
617 881 791 949 defendere.
839 884 877 950 Id
900 886 974 950 illos
998 885 1092 949 facile
1116 884 1312 969 serpentium
1370 951 1374 959 ,

23 1037 26 1041 ,
104 971 345 1039 emultitudine
372 976 608 1038 consecuturos.
655 973 725 1038 Rex
752 978 860 1039 autem
888 974 921 1041 in
944 997 1008 1059 qua
1031 986 1111 1038 nave
1133 973 1311 1058 veheretur,

139 1065 175 1124 ut
207 1062 339 1147 scirent,
373 1083 406 1126 se
437 1062 606 1126 facturum.
658 1061 759 1139 Quem
792 1063 819 1126 si
852 1067 909 1127 aut
940 1063 1101 1149 cepissent
1132 1066 1189 1126 aut
1215 1063 1311 1127 intor-

139 1149 298 1236 fecissent,
320 1172 438 1236 magno
462 1151 503 1215 iis
525 1151 697 1235 pollicetur
718 1153 861 1236 praemio
885 1152 960 1216 fore.
1311 1160 1316 1171 “

230 1241 279 1303 11.
311 1239 382 1304 Tali
415 1238 636 1304 cohortatione
668 1239 808 1305 militum
840 1242 926 1306 facta
957 1241 1069 1306 classis
1098 1241 1138 1304 ab
1166 1240 1311 1323 utrisque

139 1328 172 1391 in
203 1328 362 1413 proelium
394 1329 568 1393 deducitur.
624 1328 766 1408 Quarum
797 1331 864 1394 acie
897 1330 1087 1414 constituta,
1122 1329 1311 1414 priusquam

139 1416 788 1571 ttdlutttlffdtttaldlllr
809 1417 1311 1592 ttt'ttutttttthtt

495 1558 504 1591 ,
1305 1558 1311 1570 .

104 1616 120 1660 a
141 1593 202 1671 Qui
230 1594 286 1659 ubi
314 1595 355 1659 ad
382 1618 479 1660 naves
502 1595 757 1661 adversariorum
779 1597 926 1681 pervenit
949 1596 1183 1681 epistulamque
1208 1599 1312 1659 osten-

136 1683 217 1747 dens
248 1705 283 1748 se
314 1705 422 1770 regem
453 1685 618 1770 professus
650 1689 699 1748 est
731 1706 896 1770 quaerere,
928 1685 1039 1750 statim
1068 1685 1108 1748 ad
1135 1684 1312 1748 Eumenem

140 1772 294 1837 deductus
317 1778 375 1858 est,
398 1774 485 1857 quod
507 1795 601 1838 nemo
626 1773 804 1859 dubitabat,
827 1774 905 1860 quin
924 1774 1051 1858 aliquid
1075 1773 1113 1837 de
1131 1794 1209 1858 pace
1228 1777 1312 1836 esset

140 1862 303 1946 scriptum
349 1861 559 1947 Tabellarius,
584 1863 673 1927 ducis
696 1885 777 1927 nave
800 1863 961 1928 declarata
984 1863 1062 1947 suis,
1085 1863 1205 1947 eodem,
1228 1860 1312 1925 unde

104 1970 119 2015 3
140 1954 207 2014 erat
236 1972 396 2036 egressuS,
424 1974 458 2015 se
481 1952 608 2036 recepit.
654 1951 699 2016 At
723 1951 896 2037 Eumenes,
924 1951 1030 2016 soluta
1052 1951 1204 2035 epistula,
1229 1948 1313 2013 nihil
1379 1966 1384 1975 ·

140 2040 172 2103 in
192 2061 229 2103 ea
247 2041 396 2125 repperit,
416 2040 479 2104 nisi
498 2063 580 2125 quae
599 2041 639 2105 ad
657 2041 855 2105 irridendum
874 2062 947 2105 eum
965 2040 1170 2126 pertinerent.
1213 2037 1312 2103 Cuius

141 2128 186 2192 rei
214 2127 274 2192 etsi
303 2151 432 2193 causam
459 2129 638 2194 mirabatur
665 2150 768 2213 neque
795 2130 988 2215 reperiebat,
1018 2133 1127 2192 tamen
1153 2127 1313 2213 proelium

104 2237 120 2283 4
140 2217 250 2281 statim
273 2218 473 2282 committere
496 2240 561 2282 non
585 2219 753 2282 dubitavit.
794 2217 921 2283 Horum
938 2218 973 2282 in
992 2239 1149 2282 concursu
1166 2215 1313 2299 Bithynii

139 2304 331 2370 Hannibalis
371 2311 542 2391 praecepto
584 2307 725 2371 universi
767 2328 880 2371 navem
921 2305 1076 2371 Eumenis
1116 2305 1313 2369 adoriuntur.

140 2393 283 2470 Quorum
319 2394 385 2459 vim
424 2417 479 2459 rex
516 2418 587 2460 cum
621 2396 778 2460 sustinere
811 2418 876 2460 non
908 2398 1030 2480 posset,
1067 2394 1146 2480 fuga
1177 2394 1314 2458 'salutem

140 2483 235 2567 petit,
263 2506 359 2567 quam
388 2488 579 2549 consecutus
607 2506 672 2549 non
695 2489 793 2570 esset,
821 2485 884 2548 nisi
907 2485 993 2548 intra
1016 2505 1074 2547 sua
1096 2482 1257 2568 praesidia
1281 2502 1314 2546 se

105 2572 325 2657 trecepisset,
353 2595 434 2656 quae
463 2573 497 2636 in
525 2573 674 2658 proximo
701 2573 797 2638 litore
825 2576 916 2638 erant
944 2571 1108 2638 collocata.
1159 2571 1314 2656 Reliquae

140 2659 354 2746 Pergamenae
382 2684 479 2726 naves
508 2684 580 2726 cum
609 2661 809 2727 adversarios
836 2665 1017 2746 premerent
1039 2660 1158 2744 acrius,
1185 2663 1315 2744 repente

141 2942 701 3013 ‹lendesSeegefecbtlietern'.—Supera·
755 2942 894 2996 Eumenes
921 2941 980 2995 und
1005 2939 1082 2995 seine
1105 2940 1198 2994 Flotte
1215 2939 1246 2993 in
1269 2939 1315 2995 die
1382 2968 1384 2972 ·

142 3015 224 3068 batua·
246 3013 425 3083 (Hannibal),
450 3013 475 3067 d.
491 3014 518 3068 h.
546 3029 576 3068 er
595 3013 701 3068 honnte
756 3013 858 3067 Elucht
875 3030 909 3066 au
928 3011 1071 3082 schlageh.

161 3100 231 3138 een
269 3084 314 3138 die
346 3073 485 3139 llberzahl
523 3084 573 3139 der
605 3083 700 3138 feindl.
793 3090 816 3138 1.
839 3085 917 3150 facta
939 3082 1007 3137 leret
1030 3082 1091 3137 sich
1114 3081 1152 3136 im
1171 3082 1203 3136 D.
1228 3082 1316 3136 durch

141 3103 176 3209 Ec
199 3155 204 3165 ’
228 3172 244 3209 e
265 3154 358 3209 nichts
383 3154 550 3210 ansrichten.
570 3187 605 3196 -
623 3156 702 3211 deas
757 3154 803 3209 die
830 3153 920 3209 blolse
943 3153 1056 3225 Prtpos.
1082 3154 1176 3207 ‘nach‘
1200 3153 1316 3208 wieder·

142 3225 219 3281 ziehe
238 3244 272 3280 zu
290 3227 388 3299 collipi.
756 3226 856 3296 geben.
875 3257 910 3266 -
929 3226 965 3279 ab
987 3227 1109 3295 ubisque
1131 3225 1195 3278 ‘von
1212 3223 1316 3279 beiden

178 3304 201 3352 ῠ.
243 3298 347 3365 estam
389 3296 700 3368 ‘zusammenbringen’.
757 3296 909 3352 Parteien'.
928 3327 964 3336 -
985 3296 1120 3366 Quarum,
1141 3295 1226 3350 ntml.
1246 3293 1315 3349 clas·

142 3400 175 3408 —
198 3387 216 3422 a
243 3369 380 3492 (3639υὲ
408 3371 500 3424 ceteris
531 3369 633 3492 pehtrt
664 3385 699 3422 zu
756 3368 835 3422 sium.
851 3399 885 3408 -
896 3365 1316 3438 priusquam...darctaraiehe

141 3457 168 3494 ac
186 3441 340 3508 defendere3
379 3455 410 3493 er
428 3456 516 3511 gance
551 3442 596 3494 ata
610 3440 701 3511 hangt
756 3457 819 3493 zum
837 3433 1008 3509 llolgenden.

142 3511 213 3564 noch
237 3527 290 3564 von
313 3517 344 3565 ut
370 3509 414 3566 ab.
456 3511 513 3565 Das
536 3511 701 3581 Asyndeton
792 3517 816 3564 2.
835 3527 865 3565 re
883 3509 980 3564 ernist
998 3508 1060 3579 Obj.
1080 3525 1114 3562 zu
1133 3525 1266 3578 quaerar.
1281 3540 1316 3549 -

143 3581 182 3634 ist
196 3581 268 3635 auch
283 3581 321 3635 im
332 3581 365 3634 Ι).
380 3581 606 3650 beizubehalten‚
620 3598 702 3636 wenn
756 3599 825 3636 nave
890 3582 1009 3647 clarata,
1042 3579 1114 3634 eben
1141 3579 1230 3633 durch
1257 3579 1316 3633 sein

143 3650 318 3722 Gegensttne
337 3653 563 3708 hervorzuhebcn
580 3652 652 3708 sind.
667 3684 702 3694 -
757 3648 885 3722 Anlegeir
917 3668 962 3705 am
990 3649 1093 3704 Schiffe
1120 3649 1170 3704 den
1197 3650 1317 3706 Hdcbst-

142 3725 211 3778 satio
235 3725 333 3778 baben
357 3722 428 3777 ‘sich
450 3723 621 3796 begntgen’.
663 3724 703 3778 Zu
756 3721 1044 3778 hommandierenden
1086 3722 1167 3775 hatte
1202 3737 1232 3775 es
1268 3721 1318 3775 der

143 3795 205 3849 illos
254 3802 442 3850 cmaecuaoos
491 3794 702 3864 v1.A.B.1r;
755 3795 917 3850 tabellariae
940 3793 995 3848 den
1014 3792 1148 3863 Seinigen
1170 3791 1317 3847 kenntlich

146 3865 276 3920 dasselbe
294 3865 349 3936 gilt
365 3865 412 3920 fiir
430 3866 486 3921 den
503 3814 571 3938 ling.
592 3866 665 3921 Sata.
757 3865 895 3936 gemacht.
1075 3935 1105 3947 Η

180 3943 203 3991 6.
224 3937 285 3992 Rea
308 3944 398 3992 auam
416 3955 496 3992 usur:
521 3937 566 3992 die
584 3936 629 3991 fiir
648 3937 703 3991 den
793 3942 817 3990 3.
838 3936 878 3990 Zu
895 3935 967 3991 achil
982 3978 988 3989 .
1004 3980 1009 3990 .
1027 3951 1105 3989 .mer
1122 3932 1178 4004 vgl.
1193 3933 1225 3988 A.
1240 3934 1271 3988 B.
1287 3939 1316 4001 6;

143 4007 240 4062 lnhalt
276 4007 340 4061 sehr
370 4006 578 4063 bezeichnende
609 4007 702 4064 Wort·
757 4025 827 4079 qaae
846 4005 1084 4078 ‘Bemerkungcm
1103 4003 1170 4059 die’.

144 4078 268 4149 stollung
290 4077 328 4133 ist
352 4079 424 4133 auch
442 4078 482 4133 im
499 4080 532 4133 D.
551 4078 703 4151 mtglichst
793 4086 817 4134 4.
841 4085 994 4148 praecepto,
1018 4076 1074 4132 abl.
1094 4091 1204 4144 causae,
1225 4076 1317 4142 ‘nach

143 4148 367 4205 beizubehalten.
397 4182 427 4190 -
457 4168 555 4222 rrraqno
578 4151 703 4220 praemio
758 4149 887 4220 zulolge’.
917 4180 950 4190 -
978 4150 1032 4204 uim
1065 4146 1255 4218 ‘Ungesttm'.
1284 4176 1317 4186 -

70 4245 82 4275 ο
144 4228 182 4277 est
201 4223 242 4276 ‘es
261 4223 340 4291 trtgt
356 4221 528 4276 reichlichen
541 4222 620 4276 Lohn
634 4221 702 4277 ein'.
753 4221 898 4290 praesidia
934 4218 998 4274 sind
1030 4217 1076 4272 die
1108 4215 1234 4273 Landtru
1253 4234 1316 4288 pen,

180 4293 228 4348 11.
263 4292 357 4346 Durch
394 4287 450 4346 ein'
471 4292 703 4363 eigenttimliches
758 4291 804 4347 die
834 4291 877 4346 als
904 4290 1042 4346 Reserven
1069 4290 1109 4343 im
1136 4235 1318 4359 Schiffslager

148 4363 236 4418 blittel
255 4363 365 4434 gelingt
379 4380 407 4417 es
421 4363 523 4433 Hann.‚
543 4365 597 4418 den
610 4363 704 4435 Kbnig
758 4365 784 4434 (ἕ
798 4365 825 4432 6)
844 4362 971 4417 standen.
