<?xml version="1.0" encoding="UTF-8"?>
<!DOCTYPE html PUBLIC "-//W3C//DTD XHTML 1.0 Transitional//EN"
    "http://www.w3.org/TR/xhtml1/DTD/xhtml1-transitional.dtd">
<html xmlns="http://www.w3.org/1999/xhtml" xml:lang="en" lang="en">
 <head>
  <title>
</title>
<meta http-equiv="Content-Type" content="text/html;charset=utf-8" />
  <meta name='ocr-system' content='tesseract 3.04.00' />
  <meta name='ocr-capabilities' content='ocr_page ocr_carea ocr_par ocr_line ocrx_word'/>
</head>
<body>
  <div class='ocr_page' id='page_1' title='image "./corneliusneposf00stangoog_0117.png"; bbox 0 0 2850 4740; ppageno 0'>
   <div class='ocr_carea' id='block_1_1' title="bbox 413 162 1302 253">
    <p class='ocr_par' dir='ltr' id='par_1_1' title="bbox 413 162 1302 253">
     <span class='ocr_line' id='line_1_1' title="bbox 413 162 1302 253; baseline -0.004 -6"><span class='ocrx_word' id='word_1_1' title='bbox 413 192 472 249; x_wconf 78' lang='lat' dir='ltr'><strong>xv.</strong></span> <span class='ocrx_word' id='word_1_2' title='bbox 500 162 771 246; x_wconf 80' lang='lat' dir='ltr'><strong>ursumoums.</strong></span> <span class='ocrx_word' id='word_1_3' title='bbox 809 189 886 246; x_wconf 75' lang='lat' dir='ltr'><strong>ose.</strong></span> <span class='ocrx_word' id='word_1_4' title='bbox 906 195 930 245; x_wconf 82' lang='lat' dir='ltr'><strong>a.</strong></span> <span class='ocrx_word' id='word_1_5' title='bbox 950 195 975 245; x_wconf 80' lang='lat' dir='ltr'><strong>a.</strong></span> <span class='ocrx_word' id='word_1_6' title='bbox 995 195 1019 244; x_wconf 82' lang='lat'><strong>4.</strong></span> <span class='ocrx_word' id='word_1_7' title='bbox 1259 187 1302 253; x_wconf 86' lang='lat'><strong>83</strong></span> 
     </span>
    </p>
   </div>
   <div class='ocr_carea' id='block_1_2' title="bbox 127 349 1304 442">
    <p class='ocr_par' dir='ltr' id='par_1_2' title="bbox 127 349 1304 442">
     <span class='ocr_line' id='line_1_2' title="bbox 127 349 1304 442; baseline -0.005 -20"><span class='ocrx_word' id='word_1_8' title='bbox 127 358 236 442; x_wconf 89' lang='lat' dir='ltr'><strong>quoad</strong></span> <span class='ocrx_word' id='word_1_9' title='bbox 258 361 349 422; x_wconf 88' lang='lat' dir='ltr'><strong>stans</strong></span> <span class='ocrx_word' id='word_1_10' title='bbox 371 354 542 442; x_wconf 74' lang='lat' dir='ltr'><strong>complecti</strong></span> <span class='ocrx_word' id='word_1_11' title='bbox 563 357 675 441; x_wconf 90' lang='lat' dir='ltr'><strong>posset</strong></span> <span class='ocrx_word' id='word_1_12' title='bbox 697 358 793 439; x_wconf 87' lang='lat' dir='ltr'><strong>atque</strong></span> <span class='ocrx_word' id='word_1_13' title='bbox 812 352 1012 418; x_wconf 89' lang='lat' dir='ltr'><strong>contendere.</strong></span> <span class='ocrx_word' id='word_1_14' title='bbox 1053 349 1092 416; x_wconf 94' lang='lat' dir='ltr'><strong>In</strong></span> <span class='ocrx_word' id='word_1_15' title='bbox 1111 351 1209 416; x_wconf 88' lang='lat' dir='ltr'><strong>armis</strong></span> <span class='ocrx_word' id='word_1_16' title='bbox 1228 372 1304 416; x_wconf 90' lang='lat' dir='ltr'><strong>vero</strong></span> 
     </span>
    </p>
   </div>
   <div class='ocr_carea' id='block_1_3' title="bbox 48 444 1337 2664">
    <p class='ocr_par' dir='ltr' id='par_1_3' title="bbox 128 444 668 533">
     <span class='ocr_line' id='line_1_3' title="bbox 128 444 668 533; baseline -0.009 -21"><span class='ocrx_word' id='word_1_17' title='bbox 128 446 306 533; x_wconf 87' lang='lat' dir='ltr'><strong>plurimum</strong></span> <span class='ocrx_word' id='word_1_18' title='bbox 328 444 429 512; x_wconf 89' lang='lat' dir='ltr'><strong>studii</strong></span> <span class='ocrx_word' id='word_1_19' title='bbox 451 444 668 510; x_wconf 82' lang='lat' dir='ltr'><strong>consumebat.</strong></span> 
     </span>
    </p>

    <p class='ocr_par' dir='ltr' id='par_1_4' title="bbox 123 528 1337 2043">
     <span class='ocr_line' id='line_1_4' title="bbox 217 528 1305 618; baseline -0.007 -18"><span class='ocrx_word' id='word_1_20' title='bbox 217 533 247 600; x_wconf 82' lang='lat'><strong>3.</strong></span> <span class='ocrx_word' id='word_1_21' title='bbox 279 533 332 599; x_wconf 81' lang='lat' dir='ltr'><strong>Ad</strong></span> <span class='ocrx_word' id='word_1_22' title='bbox 358 533 442 599; x_wconf 86' lang='lat' dir='ltr'><strong>hano</strong></span> <span class='ocrx_word' id='word_1_23' title='bbox 469 533 613 618; x_wconf 88' lang='lat' dir='ltr'><strong>corporis</strong></span> <span class='ocrx_word' id='word_1_24' title='bbox 640 531 829 596; x_wconf 86' lang='lat' dir='ltr'><strong>firmitatem</strong></span> <span class='ocrx_word' id='word_1_25' title='bbox 855 530 950 616; x_wconf 92' lang='lat' dir='ltr'><strong>plura</strong></span> <span class='ocrx_word' id='word_1_26' title='bbox 975 529 1074 595; x_wconf 90' lang='lat' dir='ltr'><strong>etiam</strong></span> <span class='ocrx_word' id='word_1_27' title='bbox 1097 528 1197 595; x_wconf 88' lang='lat' dir='ltr'><strong>animi</strong></span> <span class='ocrx_word' id='word_1_28' title='bbox 1218 529 1305 594; x_wconf 87' lang='lat' dir='ltr'><strong>bona</strong></span> 
     </span>
     <span class='ocr_line' id='line_1_5' title="bbox 128 617 1304 722; baseline -0.008 -32"><span class='ocrx_word' id='word_1_29' title='bbox 128 628 336 690; x_wconf 84' lang='lat' dir='ltr'><strong>accesserant.</strong></span> <span class='ocrx_word' id='word_1_30' title='bbox 381 622 464 688; x_wconf 76' lang='lat' dir='ltr'><strong>Erat</strong></span> <span class='ocrx_word' id='word_1_31' title='bbox 486 621 572 687; x_wconf 90' lang='lat' dir='ltr'><strong>enim</strong></span> <span class='ocrx_word' id='word_1_32' title='bbox 593 621 768 706; x_wconf 89' lang='lat' dir='ltr'><strong>modestus,</strong></span> <span class='ocrx_word' id='word_1_33' title='bbox 790 619 940 722; x_wconf 69' lang='lat' dir='ltr'><strong>prudens,</strong></span> <span class='ocrx_word' id='word_1_34' title='bbox 963 618 1081 720; x_wconf 76' lang='lat' dir='ltr'><strong>gravis,</strong></span> <span class='ocrx_word' id='word_1_35' title='bbox 1103 617 1304 718; x_wconf 79' lang='lat' dir='ltr'><strong>temporibus</strong></span> 
     </span>
     <span class='ocr_line' id='line_1_6' title="bbox 128 708 1337 887; baseline -0.006 -21"><span class='ocrx_word' id='word_1_36' title='bbox 128 708 1337 887; x_wconf 51' lang='lat' dir='ltr'><strong>ttfflttttfflnlsstlzllliltffllstlbtttblttl2</strong></span> 
     </span>
     <span class='ocr_line' id='line_1_7' title="bbox 128 885 1301 976; baseline -0.006 -21"><span class='ocrx_word' id='word_1_37' title='bbox 128 889 310 976; x_wconf 85' lang='lat' dir='ltr'><strong>continens,</strong></span> <span class='ocrx_word' id='word_1_38' title='bbox 345 889 485 955; x_wconf 87' lang='lat' dir='ltr'><strong>clemens</strong></span> <span class='ocrx_word' id='word_1_39' title='bbox 515 887 705 975; x_wconf 89' lang='lat' dir='ltr'><strong>patiensque</strong></span> <span class='ocrx_word' id='word_1_40' title='bbox 737 886 961 954; x_wconf 85' lang='lat' dir='ltr'><strong>admirandum</strong></span> <span class='ocrx_word' id='word_1_41' title='bbox 992 885 1026 949; x_wconf 93' lang='lat' dir='ltr'><strong>in</strong></span> <span class='ocrx_word' id='word_1_42' title='bbox 1057 885 1203 970; x_wconf 89' lang='lat' dir='ltr'><strong>modum,</strong></span> <span class='ocrx_word' id='word_1_43' title='bbox 1235 906 1301 949; x_wconf 86' lang='lat' dir='ltr'><strong>non</strong></span> 
     </span>
     <span class='ocr_line' id='line_1_8' title="bbox 128 973 1303 1064; baseline -0.005 -21"><span class='ocrx_word' id='word_1_44' title='bbox 128 978 234 1043; x_wconf 90' lang='lat' dir='ltr'><strong>solum</strong></span> <span class='ocrx_word' id='word_1_45' title='bbox 260 977 387 1064; x_wconf 91' lang='lat' dir='ltr'><strong>populi,</strong></span> <span class='ocrx_word' id='word_1_46' title='bbox 414 978 470 1042; x_wconf 84' lang='lat' dir='ltr'><strong>sed</strong></span> <span class='ocrx_word' id='word_1_47' title='bbox 497 977 596 1043; x_wconf 87' lang='lat' dir='ltr'><strong>etiam</strong></span> <span class='ocrx_word' id='word_1_48' title='bbox 623 975 804 1042; x_wconf 87' lang='lat' dir='ltr'><strong>amicorum·</strong></span> <span class='ocrx_word' id='word_1_49' title='bbox 828 975 934 1040; x_wconf 85' lang='lat' dir='ltr'><strong>ferens</strong></span> <span class='ocrx_word' id='word_1_50' title='bbox 955 973 1104 1062; x_wconf 71' lang='lat' dir='ltr'><strong>iniurias,</strong></span> <span class='ocrx_word' id='word_1_51' title='bbox 1132 973 1303 1058; x_wconf 89' lang='lat' dir='ltr'><strong>inprimis</strong></span> 
     </span>
     <span class='ocr_line' id='line_1_9' title="bbox 128 1063 1303 1154; baseline -0.005 -22"><span class='ocrx_word' id='word_1_52' title='bbox 128 1067 300 1132; x_wconf 84' lang='lat' dir='ltr'><strong>commissa</strong></span> <span class='ocrx_word' id='word_1_53' title='bbox 326 1066 448 1154; x_wconf 86' lang='lat' dir='ltr'><strong>celans,</strong></span> <span class='ocrx_word' id='word_1_54' title='bbox 475 1066 625 1151; x_wconf 88' lang='lat' dir='ltr'><strong>quodque</strong></span> <span class='ocrx_word' id='word_1_55' title='bbox 648 1065 810 1130; x_wconf 82' lang='lat' dir='ltr'><strong>interdum</strong></span> <span class='ocrx_word' id='word_1_56' title='bbox 832 1086 898 1129; x_wconf 90' lang='lat' dir='ltr'><strong>non</strong></span> <span class='ocrx_word' id='word_1_57' title='bbox 920 1063 1028 1128; x_wconf 90' lang='lat' dir='ltr'><strong>minus</strong></span> <span class='ocrx_word' id='word_1_58' title='bbox 1050 1063 1183 1149; x_wconf 87' lang='lat' dir='ltr'><strong>prodest</strong></span> <span class='ocrx_word' id='word_1_59' title='bbox 1206 1084 1303 1147; x_wconf 91' lang='lat' dir='ltr'><strong>quam</strong></span> 
     </span>
     <span class='ocr_line' id='line_1_10' title="bbox 127 1151 1300 1244; baseline -0.004 -24"><span class='ocrx_word' id='word_1_60' title='bbox 127 1156 246 1220; x_wconf 84' lang='lat' dir='ltr'><strong>diserte</strong></span> <span class='ocrx_word' id='word_1_61' title='bbox 269 1155 387 1244; x_wconf 84' lang='lat' dir='ltr'><strong>dicore,</strong></span> <span class='ocrx_word' id='word_1_62' title='bbox 409 1155 575 1222; x_wconf 89' lang='lat' dir='ltr'><strong>studiosus</strong></span> <span class='ocrx_word' id='word_1_63' title='bbox 598 1153 761 1220; x_wconf 90' lang='lat' dir='ltr'><strong>audiendi:</strong></span> <span class='ocrx_word' id='word_1_64' title='bbox 789 1175 828 1218; x_wconf 85' lang='lat' dir='ltr'><strong>ex</strong></span> <span class='ocrx_word' id='word_1_65' title='bbox 850 1153 912 1219; x_wconf 91' lang='lat' dir='ltr'><strong>hoo</strong></span> <span class='ocrx_word' id='word_1_66' title='bbox 935 1151 1021 1217; x_wconf 88' lang='lat' dir='ltr'><strong>euim</strong></span> <span class='ocrx_word' id='word_1_67' title='bbox 1043 1151 1197 1216; x_wconf 77' lang='lat' dir='ltr'><strong>facillime</strong></span> <span class='ocrx_word' id='word_1_68' title='bbox 1220 1151 1300 1216; x_wconf 86' lang='lat' dir='ltr'><strong>disci</strong></span> 
     </span>
     <span class='ocr_line' id='line_1_11' title="bbox 127 1241 1337 1329; baseline -0.004 -21"><span class='ocrx_word' id='word_1_69' title='bbox 127 1244 354 1310; x_wconf 74' lang='lat' dir='ltr'><strong>arbitrabatur.</strong></span> <span class='ocrx_word' id='word_1_70' title='bbox 400 1243 514 1329; x_wconf 88' lang='lat' dir='ltr'><strong>Itaque</strong></span> <span class='ocrx_word' id='word_1_71' title='bbox 537 1265 611 1309; x_wconf 91' lang='lat' dir='ltr'><strong>oum</strong></span> <span class='ocrx_word' id='word_1_72' title='bbox 633 1244 667 1307; x_wconf 92' lang='lat' dir='ltr'><strong>in</strong></span> <span class='ocrx_word' id='word_1_73' title='bbox 690 1242 845 1308; x_wconf 87' lang='lat' dir='ltr'><strong>circulum</strong></span> <span class='ocrx_word' id='word_1_74' title='bbox 867 1241 1016 1326; x_wconf 86' lang='lat' dir='ltr'><strong>venisset,</strong></span> <span class='ocrx_word' id='word_1_75' title='bbox 1039 1241 1073 1305; x_wconf 92' lang='lat' dir='ltr'><strong>in</strong></span> <span class='ocrx_word' id='word_1_76' title='bbox 1097 1262 1160 1325; x_wconf 92' lang='lat' dir='ltr'><strong>quo</strong></span> <span class='ocrx_word' id='word_1_77' title='bbox 1184 1244 1240 1304; x_wconf 80' lang='lat' dir='ltr'><strong>arrt</strong></span> <span class='ocrx_word' id='word_1_78' title='bbox 1263 1241 1302 1304; x_wconf 88' lang='lat' dir='ltr'><strong>de</strong></span> <span class='ocrx_word' id='word_1_79' title='bbox 1321 1256 1337 1303; x_wconf 85' lang='lat'>3</span> 
     </span>
     <span class='ocr_line' id='line_1_12' title="bbox 126 1326 1301 1420; baseline -0.004 -22"><span class='ocrx_word' id='word_1_80' title='bbox 126 1354 161 1398; x_wconf 87' lang='lat' dir='ltr'><strong>re</strong></span> <span class='ocrx_word' id='word_1_81' title='bbox 192 1333 322 1419; x_wconf 91' lang='lat' dir='ltr'><strong>publica</strong></span> <span class='ocrx_word' id='word_1_82' title='bbox 354 1333 573 1420; x_wconf 87' lang='lat' dir='ltr'><strong>disputaretur</strong></span> <span class='ocrx_word' id='word_1_83' title='bbox 603 1337 660 1397; x_wconf 89' lang='lat' dir='ltr'><strong>aut</strong></span> <span class='ocrx_word' id='word_1_84' title='bbox 687 1332 726 1396; x_wconf 90' lang='lat' dir='ltr'><strong>de</strong></span> <span class='ocrx_word' id='word_1_85' title='bbox 753 1329 960 1417; x_wconf 85' lang='lat' dir='ltr'><strong>philosophia</strong></span> <span class='ocrx_word' id='word_1_86' title='bbox 987 1351 1092 1394; x_wconf 89' lang='lat' dir='ltr'><strong>sermo</strong></span> <span class='ocrx_word' id='word_1_87' title='bbox 1119 1326 1301 1415; x_wconf 81' lang='lat' dir='ltr'><strong>haberetur,</strong></span> 
     </span>
     <span class='ocr_line' id='line_1_13' title="bbox 125 1417 1301 1509; baseline -0.004 -22"><span class='ocrx_word' id='word_1_88' title='bbox 125 1444 291 1506; x_wconf 90' lang='lat' dir='ltr'><strong>nunquam</strong></span> <span class='ocrx_word' id='word_1_89' title='bbox 313 1422 388 1487; x_wconf 90' lang='lat' dir='ltr'><strong>inde</strong></span> <span class='ocrx_word' id='word_1_90' title='bbox 410 1423 501 1509; x_wconf 89' lang='lat' dir='ltr'><strong>prius</strong></span> <span class='ocrx_word' id='word_1_91' title='bbox 524 1421 685 1507; x_wconf 75' lang='lat' dir='ltr'><strong>discessit,</strong></span> <span class='ocrx_word' id='word_1_92' title='bbox 708 1442 805 1504; x_wconf 91' lang='lat' dir='ltr'><strong>quam</strong></span> <span class='ocrx_word' id='word_1_93' title='bbox 828 1417 869 1484; x_wconf 83' lang='lat' dir='ltr'><strong>ed</strong></span> <span class='ocrx_word' id='word_1_94' title='bbox 891 1420 989 1484; x_wconf 88' lang='lat' dir='ltr'><strong>finem</strong></span> <span class='ocrx_word' id='word_1_95' title='bbox 1013 1441 1117 1483; x_wconf 87' lang='lat' dir='ltr'><strong>sermo</strong></span> <span class='ocrx_word' id='word_1_96' title='bbox 1141 1423 1227 1482; x_wconf 89' lang='lat' dir='ltr'><strong>esset</strong></span> <span class='ocrx_word' id='word_1_97' title='bbox 1248 1418 1301 1482; x_wconf 90' lang='lat' dir='ltr'><strong>ad-</strong></span> 
     </span>
     <span class='ocr_line' id='line_1_14' title="bbox 126 1507 1336 1597; baseline -0.002 -22"><span class='ocrx_word' id='word_1_98' title='bbox 126 1511 249 1576; x_wconf 86' lang='lat' dir='ltr'><strong>ductus.</strong></span> <span class='ocrx_word' id='word_1_99' title='bbox 308 1510 536 1597; x_wconf 86' lang='lat' dir='ltr'><strong>Paupertatem</strong></span> <span class='ocrx_word' id='word_1_100' title='bbox 574 1510 652 1576; x_wconf 86' lang='lat' dir='ltr'><strong>adeo</strong></span> <span class='ocrx_word' id='word_1_101' title='bbox 690 1508 783 1574; x_wconf 87' lang='lat' dir='ltr'><strong>facile</strong></span> <span class='ocrx_word' id='word_1_102' title='bbox 819 1530 990 1594; x_wconf 86' lang='lat' dir='ltr'><strong>perpessus</strong></span> <span class='ocrx_word' id='word_1_103' title='bbox 1028 1512 1090 1593; x_wconf 88' lang='lat' dir='ltr'><strong>est,</strong></span> <span class='ocrx_word' id='word_1_104' title='bbox 1131 1512 1169 1571; x_wconf 90' lang='lat' dir='ltr'><strong>ut</strong></span> <span class='ocrx_word' id='word_1_105' title='bbox 1192 1507 1231 1571; x_wconf 92' lang='lat' dir='ltr'><strong>de</strong></span> <span class='ocrx_word' id='word_1_106' title='bbox 1266 1523 1336 1572; x_wconf 70' lang='lat' dir='ltr'><strong>ret</strong></span> 
     </span>
     <span class='ocr_line' id='line_1_15' title="bbox 123 1596 1300 1691; baseline -0.003 -27"><span class='ocrx_word' id='word_1_107' title='bbox 123 1599 254 1685; x_wconf 88' lang='lat' dir='ltr'><strong>publica</strong></span> <span class='ocrx_word' id='word_1_108' title='bbox 280 1599 363 1664; x_wconf 89' lang='lat' dir='ltr'><strong>nihil</strong></span> <span class='ocrx_word' id='word_1_109' title='bbox 392 1604 521 1686; x_wconf 89' lang='lat' dir='ltr'><strong>praeter</strong></span> <span class='ocrx_word' id='word_1_110' title='bbox 545 1600 684 1688; x_wconf 81' lang='lat' dir='ltr'><strong>gloriam</strong></span> <span class='ocrx_word' id='word_1_111' title='bbox 706 1598 839 1684; x_wconf 79' lang='lat' dir='ltr'><strong>ceperit3</strong></span> <span class='ocrx_word' id='word_1_112' title='bbox 867 1597 1044 1672; x_wconf 78' lang='lat' dir='ltr'><strong>amicorum</strong></span> <span class='ocrx_word' id='word_1_113' title='bbox 1066 1597 1100 1660; x_wconf 91' lang='lat' dir='ltr'><strong>in</strong></span> <span class='ocrx_word' id='word_1_114' title='bbox 1124 1618 1158 1691; x_wconf 80' lang='lat' dir='ltr'><strong>se</strong></span> <span class='ocrx_word' id='word_1_115' title='bbox 1181 1596 1300 1660; x_wconf 87' lang='lat' dir='ltr'><strong>tuendo</strong></span> 
     </span>
     <span class='ocr_line' id='line_1_16' title="bbox 126 1684 1301 1775; baseline -0.004 -21"><span class='ocrx_word' id='word_1_116' title='bbox 126 1688 233 1753; x_wconf 86' lang='lat' dir='ltr'><strong>caruit</strong></span> <span class='ocrx_word' id='word_1_117' title='bbox 262 1689 487 1775; x_wconf 86' lang='lat' dir='ltr'><strong>facultatibus,</strong></span> <span class='ocrx_word' id='word_1_118' title='bbox 518 1689 581 1754; x_wconf 88' lang='lat' dir='ltr'><strong>fide</strong></span> <span class='ocrx_word' id='word_1_119' title='bbox 609 1688 650 1753; x_wconf 88' lang='lat' dir='ltr'><strong>ad</strong></span> <span class='ocrx_word' id='word_1_120' title='bbox 677 1687 758 1752; x_wconf 87' lang='lat' dir='ltr'><strong>alios</strong></span> <span class='ocrx_word' id='word_1_121' title='bbox 786 1687 1000 1751; x_wconf 78' lang='lat' dir='ltr'><strong>sublevandos</strong></span> <span class='ocrx_word' id='word_1_122' title='bbox 1028 1707 1122 1771; x_wconf 82' lang='lat' dir='ltr'><strong>saepe</strong></span> <span class='ocrx_word' id='word_1_123' title='bbox 1150 1684 1197 1750; x_wconf 89' lang='lat' dir='ltr'><strong>sic</strong></span> <span class='ocrx_word' id='word_1_124' title='bbox 1223 1708 1301 1750; x_wconf 90' lang='lat' dir='ltr'><strong>usus</strong></span> 
     </span>
     <span class='ocr_line' id='line_1_17' title="bbox 125 1774 1300 1864; baseline -0.003 -22"><span class='ocrx_word' id='word_1_125' title='bbox 125 1781 189 1864; x_wconf 87' lang='lat' dir='ltr'><strong>est,</strong></span> <span class='ocrx_word' id='word_1_126' title='bbox 216 1780 254 1842; x_wconf 85' lang='lat' dir='ltr'><strong>ut</strong></span> <span class='ocrx_word' id='word_1_127' title='bbox 280 1778 417 1844; x_wconf 90' lang='lat' dir='ltr'><strong>iudicari</strong></span> <span class='ocrx_word' id='word_1_128' title='bbox 444 1777 550 1864; x_wconf 90' lang='lat' dir='ltr'><strong>possit</strong></span> <span class='ocrx_word' id='word_1_129' title='bbox 573 1778 681 1843; x_wconf 88' lang='lat' dir='ltr'><strong>omnia</strong></span> <span class='ocrx_word' id='word_1_130' title='bbox 703 1776 733 1840; x_wconf 92' lang='lat' dir='ltr'><strong>ei</strong></span> <span class='ocrx_word' id='word_1_131' title='bbox 756 1798 829 1841; x_wconf 90' lang='lat' dir='ltr'><strong>cum</strong></span> <span class='ocrx_word' id='word_1_132' title='bbox 852 1775 964 1840; x_wconf 87' lang='lat' dir='ltr'><strong>amicis</strong></span> <span class='ocrx_word' id='word_1_133' title='bbox 986 1775 1087 1841; x_wconf 74' lang='lat' dir='ltr'><strong>trisse</strong></span> <span class='ocrx_word' id='word_1_134' title='bbox 1110 1774 1300 1839; x_wconf 90' lang='lat' dir='ltr'><strong>communia.</strong></span> 
     </span>
     <span class='ocr_line' id='line_1_18' title="bbox 125 1864 1336 1949; baseline -0.002 -18"><span class='ocrx_word' id='word_1_135' title='bbox 125 1864 212 1931; x_wconf 88' lang='lat' dir='ltr'><strong>Nam</strong></span> <span class='ocrx_word' id='word_1_136' title='bbox 235 1887 308 1931; x_wconf 90' lang='lat' dir='ltr'><strong>cum</strong></span> <span class='ocrx_word' id='word_1_137' title='bbox 331 1871 387 1932; x_wconf 89' lang='lat' dir='ltr'><strong>aut</strong></span> <span class='ocrx_word' id='word_1_138' title='bbox 410 1867 528 1932; x_wconf 79' lang='lat' dir='ltr'><strong>civium</strong></span> <span class='ocrx_word' id='word_1_139' title='bbox 551 1888 683 1932; x_wconf 91' lang='lat' dir='ltr'><strong>suorum</strong></span> <span class='ocrx_word' id='word_1_140' title='bbox 706 1864 824 1949; x_wconf 83' lang='lat' dir='ltr'><strong>aliquis</strong></span> <span class='ocrx_word' id='word_1_141' title='bbox 848 1865 888 1929; x_wconf 89' lang='lat' dir='ltr'><strong>ab</strong></span> <span class='ocrx_word' id='word_1_142' title='bbox 911 1864 1061 1930; x_wconf 85' lang='lat' dir='ltr'><strong>hostibus</strong></span> <span class='ocrx_word' id='word_1_143' title='bbox 1084 1868 1170 1928; x_wconf 89' lang='lat' dir='ltr'><strong>esset</strong></span> <span class='ocrx_word' id='word_1_144' title='bbox 1187 1868 1336 1949; x_wconf 69' lang='lat' dir='ltr'><strong>captust</strong></span> 
     </span>
     <span class='ocr_line' id='line_1_19' title="bbox 126 1952 1300 2043; baseline -0.003 -24"><span class='ocrx_word' id='word_1_145' title='bbox 126 1959 182 2020; x_wconf 88' lang='lat' dir='ltr'><strong>aut</strong></span> <span class='ocrx_word' id='word_1_146' title='bbox 213 1955 307 2043; x_wconf 77' lang='lat' dir='ltr'><strong>virgo</strong></span> <span class='ocrx_word' id='word_1_147' title='bbox 338 1955 459 2021; x_wconf 87' lang='lat' dir='ltr'><strong>nubilis</strong></span> <span class='ocrx_word' id='word_1_148' title='bbox 490 1959 623 2042; x_wconf 92' lang='lat' dir='ltr'><strong>propter</strong></span> <span class='ocrx_word' id='word_1_149' title='bbox 654 1958 878 2041; x_wconf 83' lang='lat' dir='ltr'><strong>paupertatem</strong></span> <span class='ocrx_word' id='word_1_150' title='bbox 910 1952 1062 2018; x_wconf 87' lang='lat' dir='ltr'><strong>collocari</strong></span> <span class='ocrx_word' id='word_1_151' title='bbox 1089 1975 1154 2017; x_wconf 91' lang='lat' dir='ltr'><strong>non</strong></span> <span class='ocrx_word' id='word_1_152' title='bbox 1181 1956 1300 2038; x_wconf 87' lang='lat' dir='ltr'><strong>posset,</strong></span> 
     </span>
    </p>

    <p class='ocr_par' dir='ltr' id='par_1_5' title="bbox 48 2042 1335 2486">
     <span class='ocr_line' id='line_1_20' title="bbox 48 2042 1299 2128; baseline -0.004 -18"><span class='ocrx_word' id='word_1_153' title='bbox 48 2095 51 2102; x_wconf 90' lang='lat'><em>.</em></span> <span class='ocrx_word' id='word_1_154' title='bbox 126 2043 304 2109; x_wconf 89' lang='lat' dir='ltr'><strong>amicorum</strong></span> <span class='ocrx_word' id='word_1_155' title='bbox 331 2044 503 2110; x_wconf 90' lang='lat' dir='ltr'><strong>consilium</strong></span> <span class='ocrx_word' id='word_1_156' title='bbox 529 2044 671 2110; x_wconf 88' lang='lat' dir='ltr'><strong>habebat</strong></span> <span class='ocrx_word' id='word_1_157' title='bbox 698 2048 743 2128; x_wconf 89' lang='lat' dir='ltr'><strong>et,</strong></span> <span class='ocrx_word' id='word_1_158' title='bbox 770 2046 927 2128; x_wconf 89' lang='lat' dir='ltr'><strong>quantum</strong></span> <span class='ocrx_word' id='word_1_159' title='bbox 950 2042 1086 2126; x_wconf 89' lang='lat' dir='ltr'><strong>quisque</strong></span> <span class='ocrx_word' id='word_1_160' title='bbox 1110 2043 1213 2126; x_wconf 89' lang='lat' dir='ltr'><strong>daret,</strong></span> <span class='ocrx_word' id='word_1_161' title='bbox 1239 2065 1299 2127; x_wconf 92' lang='lat' dir='ltr'><strong>pro</strong></span> 
     </span>
     <span class='ocr_line' id='line_1_21' title="bbox 125 2131 1335 2219; baseline 0 -23"><span class='ocrx_word' id='word_1_162' title='bbox 125 2132 335 2198; x_wconf 86' lang='lat' dir='ltr'><strong>facultatibus</strong></span> <span class='ocrx_word' id='word_1_163' title='bbox 376 2133 565 2219; x_wconf 85' lang='lat' dir='ltr'><strong>imperabat.</strong></span> <span class='ocrx_word' id='word_1_164' title='bbox 623 2133 768 2217; x_wconf 81' lang='lat' dir='ltr'><strong>Eamque</strong></span> <span class='ocrx_word' id='word_1_165' title='bbox 805 2153 964 2197; x_wconf 91' lang='lat' dir='ltr'><strong>summam</strong></span> <span class='ocrx_word' id='word_1_166' title='bbox 1001 2153 1073 2196; x_wconf 87' lang='lat' dir='ltr'><strong>oum</strong></span> <span class='ocrx_word' id='word_1_167' title='bbox 1111 2131 1335 2217; x_wconf 72' lang='lat' dir='ltr'><strong>confecerato</strong></span> 
     </span>
     <span class='ocr_line' id='line_1_22' title="bbox 124 2219 1301 2309; baseline -0.001 -24"><span class='ocrx_word' id='word_1_168' title='bbox 124 2221 314 2307; x_wconf 88' lang='lat' dir='ltr'><strong>priusquam</strong></span> <span class='ocrx_word' id='word_1_169' title='bbox 336 2222 496 2308; x_wconf 87' lang='lat' dir='ltr'><strong>acciperet</strong></span> <span class='ocrx_word' id='word_1_170' title='bbox 516 2223 700 2309; x_wconf 90' lang='lat' dir='ltr'><strong>pecuniam,</strong></span> <span class='ocrx_word' id='word_1_171' title='bbox 728 2221 907 2286; x_wconf 88' lang='lat' dir='ltr'><strong>adducebat</strong></span> <span class='ocrx_word' id='word_1_172' title='bbox 929 2243 1015 2306; x_wconf 88' lang='lat' dir='ltr'><strong>eum,</strong></span> <span class='ocrx_word' id='word_1_173' title='bbox 1039 2219 1095 2304; x_wconf 93' lang='lat' dir='ltr'><strong>qui</strong></span> <span class='ocrx_word' id='word_1_174' title='bbox 1119 2220 1301 2306; x_wconf 85' lang='lat' dir='ltr'><strong>quaerebat,</strong></span> 
     </span>
     <span class='ocr_line' id='line_1_23' title="bbox 126 2309 1301 2398; baseline 0 -24"><span class='ocrx_word' id='word_1_175' title='bbox 126 2310 167 2374; x_wconf 88' lang='lat' dir='ltr'><strong>ad</strong></span> <span class='ocrx_word' id='word_1_176' title='bbox 190 2332 262 2396; x_wconf 91' lang='lat' dir='ltr'><strong>eos,</strong></span> <span class='ocrx_word' id='word_1_177' title='bbox 285 2311 342 2395; x_wconf 89' lang='lat' dir='ltr'><strong>qui</strong></span> <span class='ocrx_word' id='word_1_178' title='bbox 366 2311 582 2398; x_wconf 86' lang='lat' dir='ltr'><strong>conferebant,</strong></span> <span class='ocrx_word' id='word_1_179' title='bbox 605 2312 697 2396; x_wconf 88' lang='lat' dir='ltr'><strong>eique</strong></span> <span class='ocrx_word' id='word_1_180' title='bbox 719 2313 757 2374; x_wconf 92' lang='lat' dir='ltr'><strong>ut</strong></span> <span class='ocrx_word' id='word_1_181' title='bbox 779 2310 843 2396; x_wconf 87' lang='lat' dir='ltr'><strong>ipsi</strong></span> <span class='ocrx_word' id='word_1_182' title='bbox 865 2313 1072 2375; x_wconf 87' lang='lat' dir='ltr'><strong>numerarent</strong></span> <span class='ocrx_word' id='word_1_183' title='bbox 1094 2309 1241 2393; x_wconf 82' lang='lat' dir='ltr'><strong>faciebat,</strong></span> <span class='ocrx_word' id='word_1_184' title='bbox 1263 2313 1301 2374; x_wconf 94' lang='lat' dir='ltr'><strong>ut</strong></span> 
     </span>
     <span class='ocr_line' id='line_1_24' title="bbox 125 2397 1300 2486; baseline 0 -24"><span class='ocrx_word' id='word_1_185' title='bbox 125 2399 190 2485; x_wconf 88' lang='lat' dir='ltr'><strong>ille,</strong></span> <span class='ocrx_word' id='word_1_186' title='bbox 209 2400 251 2463; x_wconf 90' lang='lat' dir='ltr'><strong>ad</strong></span> <span class='ocrx_word' id='word_1_187' title='bbox 268 2421 364 2484; x_wconf 87' lang='lat' dir='ltr'><strong>quem</strong></span> <span class='ocrx_word' id='word_1_188' title='bbox 382 2422 420 2465; x_wconf 88' lang='lat' dir='ltr'><strong>ea</strong></span> <span class='ocrx_word' id='word_1_189' title='bbox 438 2422 489 2466; x_wconf 87' lang='lat' dir='ltr'><strong>res</strong></span> <span class='ocrx_word' id='word_1_190' title='bbox 504 2400 719 2486; x_wconf 86' lang='lat' dir='ltr'><strong>perveniebat,</strong></span> <span class='ocrx_word' id='word_1_191' title='bbox 738 2400 844 2485; x_wconf 81' lang='lat' dir='ltr'><strong>sciret,</strong></span> <span class='ocrx_word' id='word_1_192' title='bbox 862 2402 1019 2484; x_wconf 89' lang='lat' dir='ltr'><strong>quantum</strong></span> <span class='ocrx_word' id='word_1_193' title='bbox 1033 2397 1149 2481; x_wconf 90' lang='lat' dir='ltr'><strong>cuique</strong></span> <span class='ocrx_word' id='word_1_194' title='bbox 1162 2399 1300 2464; x_wconf 88' lang='lat' dir='ltr'><strong>deberet.</strong></span> 
     </span>
    </p>

    <p class='ocr_par' dir='ltr' id='par_1_6' title="bbox 124 2486 1300 2664">
     <span class='ocr_line' id='line_1_25' title="bbox 217 2486 1300 2571; baseline 0.001 -20"><span class='ocrx_word' id='word_1_195' title='bbox 217 2487 247 2552; x_wconf 84' lang='lat'><strong>4.</strong></span> <span class='ocrx_word' id='word_1_196' title='bbox 280 2487 418 2554; x_wconf 80' lang='lat' dir='ltr'><strong>Tentata</strong></span> <span class='ocrx_word' id='word_1_197' title='bbox 445 2494 553 2554; x_wconf 86' lang='lat' dir='ltr'><strong>autem</strong></span> <span class='ocrx_word' id='word_1_198' title='bbox 580 2490 649 2554; x_wconf 88' lang='lat' dir='ltr'><strong>eius</strong></span> <span class='ocrx_word' id='word_1_199' title='bbox 671 2492 721 2553; x_wconf 88' lang='lat' dir='ltr'><strong>est</strong></span> <span class='ocrx_word' id='word_1_200' title='bbox 744 2487 940 2553; x_wconf 81' lang='lat' dir='ltr'><strong>abstinentia</strong></span> <span class='ocrx_word' id='word_1_201' title='bbox 962 2510 982 2552; x_wconf 87' lang='lat' dir='ltr'><strong>a</strong></span> <span class='ocrx_word' id='word_1_202' title='bbox 1003 2486 1217 2552; x_wconf 86' lang='lat' dir='ltr'><strong>Diomedonte</strong></span> <span class='ocrx_word' id='word_1_203' title='bbox 1240 2487 1300 2571; x_wconf 81' lang='lat' dir='ltr'><strong>Cy-</strong></span> 
     </span>
     <span class='ocr_line' id='line_1_26' title="bbox 124 2574 1300 2664; baseline 0 -24"><span class='ocrx_word' id='word_1_204' title='bbox 124 2576 242 2641; x_wconf 75' lang='lat' dir='ltr'><strong>ziceno.</strong></span> <span class='ocrx_word' id='word_1_205' title='bbox 298 2577 448 2662; x_wconf 84' lang='lat' dir='ltr'><strong>Namque</strong></span> <span class='ocrx_word' id='word_1_206' title='bbox 486 2579 515 2642; x_wconf 89' lang='lat' dir='ltr'><strong>is</strong></span> <span class='ocrx_word' id='word_1_207' title='bbox 551 2582 673 2664; x_wconf 75' lang='lat' dir='ltr'><strong>rogatu,</strong></span> <span class='ocrx_word' id='word_1_208' title='bbox 700 2577 889 2641; x_wconf 80' lang='lat' dir='ltr'><strong>Artaxerxis</strong></span> <span class='ocrx_word' id='word_1_209' title='bbox 926 2576 1011 2662; x_wconf 79' lang='lat' dir='ltr'><strong>regis</strong></span> <span class='ocrx_word' id='word_1_210' title='bbox 1042 2574 1300 2661; x_wconf 82' lang='lat' dir='ltr'><strong>Epaminondam</strong></span> 
     </span>
    </p>
   </div>
   <div class='ocr_carea' id='block_1_4' title="bbox 120 2732 1371 4442">
    <p class='ocr_par' dir='ltr' id='par_1_7' title="bbox 120 2732 1371 3229">
     <span class='ocr_line' id='line_1_27' title="bbox 123 2732 1298 2805; baseline -0.001 -17"><span class='ocrx_word' id='word_1_211' title='bbox 123 2739 209 2801; x_wconf 70' lang='lat' dir='ltr'><strong>stom,</strong></span> <span class='ocrx_word' id='word_1_212' title='bbox 228 2732 466 2804; x_wconf 83' lang='lat' dir='ltr'><strong>derRlngkampf</strong></span> <span class='ocrx_word' id='word_1_213' title='bbox 481 2734 585 2805; x_wconf 81' lang='lat' dir='ltr'><strong>pilegte</strong></span> <span class='ocrx_word' id='word_1_214' title='bbox 602 2739 682 2788; x_wconf 76' lang='lat' dir='ltr'><strong>ntm-</strong></span> <span class='ocrx_word' id='word_1_215' title='bbox 738 2734 812 2788; x_wconf 84' lang='lat' dir='ltr'><strong>‘dal&#39;s</strong></span> <span class='ocrx_word' id='word_1_216' title='bbox 850 2751 880 2788; x_wconf 88' lang='lat' dir='ltr'><strong>er</strong></span> <span class='ocrx_word' id='word_1_217' title='bbox 917 2750 971 2787; x_wconf 90' lang='lat' dir='ltr'><strong>von</strong></span> <span class='ocrx_word' id='word_1_218' title='bbox 1007 2732 1099 2786; x_wconf 84' lang='lat' dir='ltr'><strong>aeiner</strong></span> <span class='ocrx_word' id='word_1_219' title='bbox 1129 2732 1298 2802; x_wconf 84' lang='lat' dir='ltr'><strong>politischeu</strong></span> 
     </span>
     <span class='ocr_line' id='line_1_28' title="bbox 123 2803 1298 2876; baseline 0.002 -20"><span class='ocrx_word' id='word_1_220' title='bbox 123 2803 181 2856; x_wconf 91' lang='lat' dir='ltr'><strong>lioh</strong></span> <span class='ocrx_word' id='word_1_221' title='bbox 200 2804 272 2857; x_wconf 89' lang='lat' dir='ltr'><strong>auch</strong></span> <span class='ocrx_word' id='word_1_222' title='bbox 290 2805 366 2858; x_wconf 87' lang='lat' dir='ltr'><strong>daun</strong></span> <span class='ocrx_word' id='word_1_223' title='bbox 382 2806 455 2860; x_wconf 86' lang='lat' dir='ltr'><strong>noch</strong></span> <span class='ocrx_word' id='word_1_224' title='bbox 468 2806 633 2875; x_wconf 80' lang='lat' dir='ltr'><strong>fortgcaetzt</strong></span> <span class='ocrx_word' id='word_1_225' title='bbox 648 2824 681 2858; x_wconf 88' lang='lat' dir='ltr'><strong>zu</strong></span> <span class='ocrx_word' id='word_1_226' title='bbox 737 2804 904 2876; x_wconf 77' lang='lat' dir='ltr'><strong>Thatigkeit</strong></span> <span class='ocrx_word' id='word_1_227' title='bbox 938 2804 1032 2858; x_wconf 87' lang='lat' dir='ltr'><strong>nichts</strong></span> <span class='ocrx_word' id='word_1_228' title='bbox 1069 2803 1298 2875; x_wconf 82' lang='lat' dir='ltr'><strong>davongetrageu</strong></span> 
     </span>
     <span class='ocr_line' id='line_1_29' title="bbox 123 2874 1371 2947; baseline 0.002 -20"><span class='ocrx_word' id='word_1_229' title='bbox 123 2874 236 2928; x_wconf 87' lang='lat' dir='ltr'><strong>werden</strong></span> <span class='ocrx_word' id='word_1_230' title='bbox 257 2891 339 2929; x_wconf 82' lang='lat' dir='ltr'><strong>waun</strong></span> <span class='ocrx_word' id='word_1_231' title='bbox 353 2875 515 2947; x_wconf 80' lang='lat' dir='ltr'><strong>dieRinger</strong></span> <span class='ocrx_word' id='word_1_232' title='bbox 529 2894 575 2930; x_wconf 87' lang='lat' dir='ltr'><strong>am</strong></span> <span class='ocrx_word' id='word_1_233' title='bbox 585 2877 682 2931; x_wconf 92' lang='lat' dir='ltr'><strong>Boden</strong></span> <span class='ocrx_word' id='word_1_234' title='bbox 736 2876 808 2930; x_wconf 87' lang='lat' dir='ltr'><strong>hat’.</strong></span> <span class='ocrx_word' id='word_1_235' title='bbox 833 2908 867 2916; x_wconf 86' lang='lat'>-</span> <span class='ocrx_word' id='word_1_236' title='bbox 890 2878 921 2930; x_wconf 77' lang='lat' dir='ltr'><strong>iu</strong></span> <span class='ocrx_word' id='word_1_237' title='bbox 944 2893 971 2930; x_wconf 82' lang='lat' dir='ltr'><strong>aa</strong></span> <span class='ocrx_word' id='word_1_238' title='bbox 996 2875 1109 2944; x_wconf 77' lang='lat' dir='ltr'><strong>trrercdo,</strong></span> <span class='ocrx_word' id='word_1_239' title='bbox 1137 2874 1184 2928; x_wconf 89' lang='lat' dir='ltr'><strong>bei</strong></span> <span class='ocrx_word' id='word_1_240' title='bbox 1207 2875 1298 2930; x_wconf 84' lang='lat' dir='ltr'><strong>seiuer</strong></span> <span class='ocrx_word' id='word_1_241' title='bbox 1368 2932 1371 2938; x_wconf 72' lang='grc'><strong>,</strong></span> 
     </span>
     <span class='ocr_line' id='line_1_30' title="bbox 123 2919 1298 3019; baseline 0.002 -21"><span class='ocrx_word' id='word_1_242' title='bbox 123 2945 215 3016; x_wconf 82' lang='lat' dir='ltr'><strong>lagen.</strong></span> <span class='ocrx_word' id='word_1_243' title='bbox 234 2919 317 3000; x_wconf 79' lang='lat' dir='ltr'><strong>llanu</strong></span> <span class='ocrx_word' id='word_1_244' title='bbox 327 2946 395 3001; x_wconf 89' lang='lat' dir='ltr'><strong>aber</strong></span> <span class='ocrx_word' id='word_1_245' title='bbox 404 2947 550 3001; x_wconf 84' lang='lat' dir='ltr'><strong>entschied</strong></span> <span class='ocrx_word' id='word_1_246' title='bbox 558 2947 683 3019; x_wconf 78' lang='lat' dir='ltr'><strong>weniger</strong></span> <span class='ocrx_word' id='word_1_247' title='bbox 737 2946 856 3017; x_wconf 82' lang='lat' dir='ltr'><strong>eigeueu</strong></span> <span class='ocrx_word' id='word_1_248' title='bbox 878 2946 1038 3016; x_wconf 82' lang='lat' dir='ltr'><strong>Erhaltung</strong></span> <span class='ocrx_word' id='word_1_249' title='bbox 1078 2945 1141 3000; x_wconf 85' lang='lat' dir='ltr'><strong>di.</strong></span> <span class='ocrx_word' id='word_1_250' title='bbox 1168 2945 1225 3002; x_wconf 82' lang='lat' dir='ltr'><strong>‘bei</strong></span> <span class='ocrx_word' id='word_1_251' title='bbox 1248 2947 1298 3000; x_wconf 89' lang='lat' dir='ltr'><strong>der</strong></span> 
     </span>
     <span class='ocr_line' id='line_1_31' title="bbox 122 2990 1296 3090; baseline 0.002 -20"><span class='ocrx_word' id='word_1_252' title='bbox 122 3016 168 3070; x_wconf 88' lang='lat' dir='ltr'><strong>die</strong></span> <span class='ocrx_word' id='word_1_253' title='bbox 192 3016 399 3088; x_wconf 83' lang='lat' dir='ltr'><strong>Beheudigkcit</strong></span> <span class='ocrx_word' id='word_1_254' title='bbox 426 3017 468 3072; x_wconf 84' lang='lat' dir='ltr'><strong>uls</strong></span> <span class='ocrx_word' id='word_1_255' title='bbox 494 3018 540 3072; x_wconf 90' lang='lat' dir='ltr'><strong>dio</strong></span> <span class='ocrx_word' id='word_1_256' title='bbox 563 3017 605 3073; x_wconf 77' lang='lat' dir='ltr'><strong>Ro</strong></span> <span class='ocrx_word' id='word_1_257' title='bbox 656 3036 682 3072; x_wconf 88' lang='lat' dir='ltr'><strong>r·</strong></span> <span class='ocrx_word' id='word_1_258' title='bbox 737 3017 824 3090; x_wconf 79' lang='lat' dir='ltr'><strong>Serge</strong></span> <span class='ocrx_word' id='word_1_259' title='bbox 855 3018 901 3071; x_wconf 75' lang='lat' dir='ltr'><strong>fiir</strong></span> <span class='ocrx_word' id='word_1_260' title='bbox 926 3017 986 3072; x_wconf 88' lang='lat' dir='ltr'><strong>sich</strong></span> <span class='ocrx_word' id='word_1_261' title='bbox 1015 2990 1123 3071; x_wconf 87' lang='lat' dir='ltr'><strong>selbst’.</strong></span> <span class='ocrx_word' id='word_1_262' title='bbox 1148 3050 1182 3058; x_wconf 90' lang='lat'><em>-</em></span> <span class='ocrx_word' id='word_1_263' title='bbox 1205 3035 1296 3073; x_wconf 80' lang='lat' dir='ltr'><strong>carere</strong></span> 
     </span>
     <span class='ocr_line' id='line_1_32' title="bbox 122 3087 1296 3159; baseline 0.003 -19"><span class='ocrx_word' id='word_1_264' title='bbox 122 3087 225 3145; x_wconf 69' lang='lat' dir='ltr'><strong>starke.</strong></span> <span class='ocrx_word' id='word_1_265' title='bbox 250 3120 283 3128; x_wconf 96' lang='lat'><strong>—</strong></span> <span class='ocrx_word' id='word_1_266' title='bbox 309 3093 340 3143; x_wconf 78' lang='lat' dir='ltr'><strong>ia</strong></span> <span class='ocrx_word' id='word_1_267' title='bbox 365 3091 451 3144; x_wconf 79' lang='lat' dir='ltr'><strong>oracio</strong></span> <span class='ocrx_word' id='word_1_268' title='bbox 475 3090 539 3143; x_wconf 85' lang='lat' dir='ltr'><strong>‘auf</strong></span> <span class='ocrx_word' id='word_1_269' title='bbox 557 3090 613 3144; x_wconf 86' lang='lat' dir='ltr'><strong>Wa</strong></span> <span class='ocrx_word' id='word_1_270' title='bbox 633 3105 682 3144; x_wconf 89' lang='lat' dir='ltr'><strong>en·</strong></span> <span class='ocrx_word' id='word_1_271' title='bbox 736 3089 901 3145; x_wconf 83' lang='lat' dir='ltr'><strong>bezeichnet</strong></span> <span class='ocrx_word' id='word_1_272' title='bbox 916 3088 977 3143; x_wconf 91' lang='lat' dir='ltr'><strong>hier</strong></span> <span class='ocrx_word' id='word_1_273' title='bbox 991 3089 1042 3142; x_wconf 85' lang='lat' dir='ltr'><strong>das</strong></span> <span class='ocrx_word' id='word_1_274' title='bbox 1055 3087 1215 3159; x_wconf 82' lang='lat' dir='ltr'><strong>lreiwillige</strong></span> <span class='ocrx_word' id='word_1_275' title='bbox 1228 3089 1296 3143; x_wconf 83' lang='lat' dir='ltr'><strong>Ent-</strong></span> 
     </span>
     <span class='ocr_line' id='line_1_33' title="bbox 120 3157 1294 3229; baseline 0.003 -17"><span class='ocrx_word' id='word_1_276' title='bbox 120 3157 274 3229; x_wconf 79' lang='lat' dir='ltr'><strong>r‘ibungen’.</strong></span> <span class='ocrx_word' id='word_1_277' title='bbox 504 3222 505 3226; x_wconf 6' lang='grc' dir='ltr'>ἵ</span> <span class='ocrx_word' id='word_1_278' title='bbox 731 3159 1056 3215; x_wconf 74' lang='lat' dir='ltr'><strong>behreuz‘nichtiuAns</strong></span> <span class='ocrx_word' id='word_1_279' title='bbox 1076 3160 1294 3215; x_wconf 84' lang='lat' dir='ltr'><strong>rochuehmen&#39;.</strong></span> 
     </span>
    </p>

    <p class='ocr_par' dir='ltr' id='par_1_8' title="bbox 122 3229 1295 3373">
     <span class='ocr_line' id='line_1_34' title="bbox 156 3229 1295 3302; baseline 0 -18"><span class='ocrx_word' id='word_1_280' title='bbox 156 3229 186 3285; x_wconf 79' lang='grc'><strong>3.</strong></span> <span class='ocrx_word' id='word_1_281' title='bbox 210 3229 272 3284; x_wconf 89' lang='lat' dir='ltr'><strong>Von</strong></span> <span class='ocrx_word' id='word_1_282' title='bbox 295 3231 350 3284; x_wconf 88' lang='lat' dir='ltr'><strong>don</strong></span> <span class='ocrx_word' id='word_1_283' title='bbox 373 3230 515 3302; x_wconf 80' lang='lat' dir='ltr'><strong>geistigcu</strong></span> <span class='ocrx_word' id='word_1_284' title='bbox 538 3233 596 3286; x_wconf 86' lang='lat' dir='ltr'><strong>und</strong></span> <span class='ocrx_word' id='word_1_285' title='bbox 617 3232 680 3287; x_wconf 87' lang='lat' dir='ltr'><strong>sitt·</strong></span> <span class='ocrx_word' id='word_1_286' title='bbox 735 3263 769 3278; x_wconf 57' lang='grc' dir='ltr'><strong>ψ</strong></span> <span class='ocrx_word' id='word_1_287' title='bbox 787 3231 967 3300; x_wconf 69' lang='lat' dir='ltr'><strong>scaettatrbur</strong></span> <span class='ocrx_word' id='word_1_288' title='bbox 985 3230 1043 3285; x_wconf 88' lang='lat' dir='ltr'><strong>‘die</strong></span> <span class='ocrx_word' id='word_1_289' title='bbox 1087 3230 1162 3285; x_wconf 89' lang='lat' dir='ltr'><strong>ittel&#39;</strong></span> <span class='ocrx_word' id='word_1_290' title='bbox 1179 3258 1213 3277; x_wconf 89' lang='lat'><strong>=</strong></span> <span class='ocrx_word' id='word_1_291' title='bbox 1227 3231 1295 3286; x_wconf 86' lang='lat' dir='ltr'><strong>Ver-</strong></span> 
     </span>
     <span class='ocr_line' id='line_1_35' title="bbox 122 3299 1295 3373; baseline 0.003 -20"><span class='ocrx_word' id='word_1_292' title='bbox 122 3299 216 3354; x_wconf 90' lang='lat' dir='ltr'><strong>liohen</strong></span> <span class='ocrx_word' id='word_1_293' title='bbox 234 3301 381 3373; x_wconf 78' lang='lat' dir='ltr'><strong>Vorzfigcn</strong></span> <span class='ocrx_word' id='word_1_294' title='bbox 400 3303 449 3356; x_wconf 86' lang='lat' dir='ltr'><strong>des</strong></span> <span class='ocrx_word' id='word_1_295' title='bbox 463 3302 680 3373; x_wconf 83' lang='lat' dir='ltr'><strong>Epaminondas.</strong></span> <span class='ocrx_word' id='word_1_296' title='bbox 733 3308 844 3373; x_wconf 81' lang='lat' dir='ltr'><strong>mogon.</strong></span> <span class='ocrx_word' id='word_1_297' title='bbox 872 3335 908 3366; x_wconf 15' lang='lat'><strong>-,</strong></span> <span class='ocrx_word' id='word_1_298' title='bbox 934 3302 1040 3356; x_wconf 89' lang='lat' dir='ltr'><strong>Betone</strong></span> <span class='ocrx_word' id='word_1_299' title='bbox 1067 3303 1133 3370; x_wconf 74' lang='lat' dir='ltr'><strong>side,</strong></span> <span class='ocrx_word' id='word_1_300' title='bbox 1170 3302 1295 3357; x_wconf 71' lang='lat' dir='ltr'><strong>ntmlich</strong></span> 
     </span>
    </p>

    <p class='ocr_par' dir='ltr' id='par_1_9' title="bbox 123 3373 1295 3730">
     <span class='ocr_line' id='line_1_36' title="bbox 159 3373 1295 3446; baseline 0.002 -20"><span class='ocrx_word' id='word_1_301' title='bbox 159 3379 181 3427; x_wconf 85' lang='lat'><strong>1.</strong></span> <span class='ocrx_word' id='word_1_302' title='bbox 211 3373 293 3428; x_wconf 67' lang='lat' dir='ltr'><strong>aiom</strong></span> <span class='ocrx_word' id='word_1_303' title='bbox 317 3374 421 3429; x_wconf 88' lang='lat' dir='ltr'><strong>‘noch’.</strong></span> <span class='ocrx_word' id='word_1_304' title='bbox 445 3406 480 3415; x_wconf 93' lang='lat'>—</span> <span class='ocrx_word' id='word_1_305' title='bbox 501 3377 595 3446; x_wconf 76' lang='lat' dir='ltr'><strong>procia</strong></span> <span class='ocrx_word' id='word_1_306' title='bbox 623 3375 682 3429; x_wconf 81' lang='lat' dir='ltr'><strong>‘bc-</strong></span> <span class='ocrx_word' id='word_1_307' title='bbox 735 3377 885 3429; x_wconf 76' lang='lat' dir='ltr'><strong>amicorum</strong></span> <span class='ocrx_word' id='word_1_308' title='bbox 905 3373 960 3427; x_wconf 84' lang='lat' dir='ltr'><strong>‘ihr</strong></span> <span class='ocrx_word' id='word_1_309' title='bbox 978 3373 1159 3441; x_wconf 84' lang='lat' dir='ltr'><strong>Vortraueu&#39;,</strong></span> <span class='ocrx_word' id='word_1_310' title='bbox 1183 3374 1235 3428; x_wconf 85' lang='lat' dir='ltr'><strong>das</strong></span> <span class='ocrx_word' id='word_1_311' title='bbox 1254 3373 1295 3428; x_wconf 85' lang='lat' dir='ltr'><strong>sic</strong></span> 
     </span>
     <span class='ocr_line' id='line_1_37' title="bbox 123 3442 1293 3517; baseline 0.003 -21"><span class='ocrx_word' id='word_1_312' title='bbox 123 3442 267 3514; x_wconf 75' lang='lat' dir='ltr'><strong>dtchtig’3</strong></span> <span class='ocrx_word' id='word_1_313' title='bbox 292 3446 379 3498; x_wconf 84' lang='lat' dir='ltr'><strong>etwas</strong></span> <span class='ocrx_word' id='word_1_314' title='bbox 403 3445 494 3500; x_wconf 89' lang='lat' dir='ltr'><strong>davou</strong></span> <span class='ocrx_word' id='word_1_315' title='bbox 516 3445 588 3517; x_wconf 82' lang='lat' dir='ltr'><strong>liegt</strong></span> <span class='ocrx_word' id='word_1_316' title='bbox 610 3445 683 3500; x_wconf 87' lang='lat' dir='ltr'><strong>auch</strong></span> <span class='ocrx_word' id='word_1_317' title='bbox 737 3445 788 3500; x_wconf 85' lang='lat' dir='ltr'><strong>auf</strong></span> <span class='ocrx_word' id='word_1_318' title='bbox 798 3445 850 3498; x_wconf 89' lang='lat' dir='ltr'><strong>ibn</strong></span> <span class='ocrx_word' id='word_1_319' title='bbox 863 3447 969 3499; x_wconf 83' lang='lat' dir='ltr'><strong>setzten</strong></span> <span class='ocrx_word' id='word_1_320' title='bbox 1005 3443 1293 3515; x_wconf 74' lang='lat' dir='ltr'><strong>Dazuvgl.A.B.1i.</strong></span> 
     </span>
     <span class='ocr_line' id='line_1_38' title="bbox 123 3512 1294 3586; baseline 0.003 -19"><span class='ocrx_word' id='word_1_321' title='bbox 123 3512 153 3567; x_wconf 89' lang='lat' dir='ltr'><strong>in</strong></span> <span class='ocrx_word' id='word_1_322' title='bbox 195 3514 204 3541; x_wconf 85' lang='lat'><em>‘</em></span> <span class='ocrx_word' id='word_1_323' title='bbox 258 3514 411 3571; x_wconf 69' lang='lat' dir='ltr'><strong>vitatiaoh’.</strong></span> <span class='ocrx_word' id='word_1_324' title='bbox 450 3548 485 3558; x_wconf 90' lang='lat'>-</span> <span class='ocrx_word' id='word_1_325' title='bbox 520 3518 684 3586; x_wconf 75' lang='lat' dir='ltr'><strong>temporibus</strong></span> <span class='ocrx_word' id='word_1_326' title='bbox 772 3523 797 3572; x_wconf 75' lang='lat'><strong>5.</strong></span> <span class='ocrx_word' id='word_1_327' title='bbox 818 3517 946 3572; x_wconf 78' lang='lat' dir='ltr'><strong>collocari</strong></span> <span class='ocrx_word' id='word_1_328' title='bbox 965 3515 1146 3570; x_wconf 80' lang='lat' dir='ltr'><strong>‘verheiratet</strong></span> <span class='ocrx_word' id='word_1_329' title='bbox 1162 3517 1294 3572; x_wconf 83' lang='lat' dir='ltr'><strong>werden’.</strong></span> 
     </span>
     <span class='ocr_line' id='line_1_39' title="bbox 125 3583 1281 3656; baseline 0.003 -18"><span class='ocrx_word' id='word_1_330' title='bbox 125 3583 201 3639; x_wconf 70' lang='lat' dir='ltr'><strong>‘die&#39;</strong></span> <span class='ocrx_word' id='word_1_331' title='bbox 231 3585 419 3642; x_wconf 75' lang='lat' dir='ltr'><strong>erhtltuisse’.</strong></span> <span class='ocrx_word' id='word_1_332' title='bbox 437 3620 473 3630; x_wconf 95' lang='lat'><em>-</em></span> <span class='ocrx_word' id='word_1_333' title='bbox 495 3589 576 3655; x_wconf 82' lang='lat' dir='ltr'><strong>fortia</strong></span> <span class='ocrx_word' id='word_1_334' title='bbox 600 3606 684 3643; x_wconf 79' lang='lat' dir='ltr'><strong>manu</strong></span> <span class='ocrx_word' id='word_1_335' title='bbox 737 3589 865 3656; x_wconf 72' lang='lat' dir='ltr'><strong>—doret¹</strong></span> <span class='ocrx_word' id='word_1_336' title='bbox 880 3586 1019 3656; x_wconf 87' lang='lat' dir='ltr'><strong>dchonj.</strong></span> <span class='ocrx_word' id='word_1_337' title='bbox 1034 3586 1073 3641; x_wconf 86' lang='lat' dir='ltr'><strong>ist</strong></span> <span class='ocrx_word' id='word_1_338' title='bbox 1087 3587 1175 3641; x_wconf 90' lang='lat' dir='ltr'><strong>durch</strong></span> <span class='ocrx_word' id='word_1_339' title='bbox 1189 3587 1281 3643; x_wconf 86' lang='lat' dir='ltr'><strong>‘sollte</strong></span> 
     </span>
     <span class='ocr_line' id='line_1_40' title="bbox 125 3655 1294 3730; baseline 0.003 -20"><span class='ocrx_word' id='word_1_340' title='bbox 125 3655 426 3728; x_wconf 83' lang='lat' dir='ltr'><strong>‘perabnlichtapfe1·’.</strong></span> <span class='ocrx_word' id='word_1_341' title='bbox 736 3657 973 3728; x_wconf 80' lang='lat' dir='ltr'><strong>wiederzugebeu.</strong></span> <span class='ocrx_word' id='word_1_342' title='bbox 1001 3691 1036 3698; x_wconf 95' lang='lat'>-</span> <span class='ocrx_word' id='word_1_343' title='bbox 1058 3674 1111 3728; x_wconf 81' lang='lat' dir='ltr'><strong>pro</strong></span> <span class='ocrx_word' id='word_1_344' title='bbox 1145 3659 1183 3728; x_wconf 86' lang='lat' dir='ltr'><strong>‘je</strong></span> <span class='ocrx_word' id='word_1_345' title='bbox 1212 3660 1294 3730; x_wconf 83' lang='lat' dir='ltr'><strong>nach,</strong></span> 
     </span>
    </p>

    <p class='ocr_par' dir='ltr' id='par_1_10' title="bbox 122 3728 1294 4156">
     <span class='ocr_line' id='line_1_41' title="bbox 159 3728 962 3800; baseline 0.005 -20"><span class='ocrx_word' id='word_1_346' title='bbox 159 3732 183 3781; x_wconf 76' lang='lat'><strong>2.</strong></span> <span class='ocrx_word' id='word_1_347' title='bbox 198 3728 276 3782; x_wconf 78' lang='lat' dir='ltr'><strong>Idem</strong></span> <span class='ocrx_word' id='word_1_348' title='bbox 289 3746 311 3782; x_wconf 89' lang='lat' dir='ltr'><strong>s.</strong></span> <span class='ocrx_word' id='word_1_349' title='bbox 324 3729 358 3784; x_wconf 82' lang='lat' dir='ltr'><strong>A.</strong></span> <span class='ocrx_word' id='word_1_350' title='bbox 368 3729 399 3784; x_wconf 91' lang='lat' dir='ltr'><strong>B.</strong></span> <span class='ocrx_word' id='word_1_351' title='bbox 416 3736 464 3784; x_wconf 76' lang='lat'><strong>13·</strong></span> <span class='ocrx_word' id='word_1_352' title='bbox 486 3762 520 3771; x_wconf 92' lang='lat'>—</span> <span class='ocrx_word' id='word_1_353' title='bbox 535 3731 681 3796; x_wconf 69' lang='lat' dir='ltr'><strong>contineas,</strong></span> <span class='ocrx_word' id='word_1_354' title='bbox 736 3729 962 3800; x_wconf 86' lang='lat' dir='ltr'><strong>cntsprachend’.</strong></span> 
     </span>
     <span class='ocr_line' id='line_1_42' title="bbox 124 3796 1294 3870; baseline 0.003 -19"><span class='ocrx_word' id='word_1_355' title='bbox 124 3814 161 3851; x_wconf 89' lang='lat' dir='ltr'><strong>an</strong></span> <span class='ocrx_word' id='word_1_356' title='bbox 188 3796 249 3853; x_wconf 85' lang='lat' dir='ltr'><strong>sich</strong></span> <span class='ocrx_word' id='word_1_357' title='bbox 275 3799 406 3870; x_wconf 86' lang='lat' dir='ltr'><strong>halteud,</strong></span> <span class='ocrx_word' id='word_1_358' title='bbox 434 3800 530 3856; x_wconf 87' lang='lat' dir='ltr'><strong>indem</strong></span> <span class='ocrx_word' id='word_1_359' title='bbox 553 3818 583 3855; x_wconf 88' lang='lat' dir='ltr'><strong>er</strong></span> <span class='ocrx_word' id='word_1_360' title='bbox 605 3800 682 3855; x_wconf 86' lang='lat' dir='ltr'><strong>scine</strong></span> <span class='ocrx_word' id='word_1_361' title='bbox 771 3807 796 3856; x_wconf 84' lang='grc'><strong>6.</strong></span> <span class='ocrx_word' id='word_1_362' title='bbox 810 3818 869 3856; x_wconf 83' lang='lat' dir='ltr'><strong>acm</strong></span> <span class='ocrx_word' id='word_1_363' title='bbox 882 3817 1023 3867; x_wconf 61' lang='lat' dir='ltr'><strong>maumam,</strong></span> <span class='ocrx_word' id='word_1_364' title='bbox 1041 3800 1127 3855; x_wconf 71' lang='lat' dir='ltr'><strong>utml.</strong></span> <span class='ocrx_word' id='word_1_365' title='bbox 1144 3818 1229 3869; x_wconf 86' lang='lat' dir='ltr'><strong>quam</strong></span> <span class='ocrx_word' id='word_1_366' title='bbox 1243 3801 1294 3855; x_wconf 90' lang='lat' dir='ltr'><strong>im-</strong></span> 
     </span>
     <span class='ocr_line' id='line_1_43' title="bbox 122 3867 1292 3942; baseline 0.006 -20"><span class='ocrx_word' id='word_1_367' title='bbox 122 3867 356 3927; x_wconf 85' lang='lat' dir='ltr'><strong>Leidonaohaften</strong></span> <span class='ocrx_word' id='word_1_368' title='bbox 381 3872 570 3942; x_wconf 84' lang='lat' dir='ltr'><strong>beherrschte,</strong></span> <span class='ocrx_word' id='word_1_369' title='bbox 599 3872 682 3926; x_wconf 85' lang='lat' dir='ltr'><strong>‘Herr</strong></span> <span class='ocrx_word' id='word_1_370' title='bbox 734 3875 888 3942; x_wconf 81' lang='lat' dir='ltr'><strong>paraverat.</strong></span> <span class='ocrx_word' id='word_1_371' title='bbox 908 3904 943 3912; x_wconf 94' lang='lat'><em>-</em></span> <span class='ocrx_word' id='word_1_372' title='bbox 961 3873 1038 3942; x_wconf 73' lang='lat' dir='ltr'><strong>eique</strong></span> <span class='ocrx_word' id='word_1_373' title='bbox 1064 3889 1145 3941; x_wconf 70' lang='lat' dir='ltr'><strong>uam,</strong></span> <span class='ocrx_word' id='word_1_374' title='bbox 1173 3872 1292 3929; x_wconf 68' lang='lat' dir='ltr'><strong>lionam:</strong></span> 
     </span>
     <span class='ocr_line' id='line_1_44' title="bbox 122 3939 1293 4022; baseline 0.005 -29"><span class='ocrx_word' id='word_1_375' title='bbox 122 3939 193 4022; x_wconf 75' lang='lat' dir='ltr'><strong>uber</strong></span> <span class='ocrx_word' id='word_1_376' title='bbox 205 3939 291 4010; x_wconf 80' lang='lat' dir='ltr'><strong>sich’3</strong></span> <span class='ocrx_word' id='word_1_377' title='bbox 303 3944 412 4012; x_wconf 79' lang='lat' dir='ltr'><strong>pattena</strong></span> <span class='ocrx_word' id='word_1_378' title='bbox 427 3943 593 3998; x_wconf 72' lang='lat' dir='ltr'><strong>‘duldsam&#39;z</strong></span> <span class='ocrx_word' id='word_1_379' title='bbox 609 3943 680 3998; x_wconf 83' lang='lat' dir='ltr'><strong>(lanu</strong></span> <span class='ocrx_word' id='word_1_380' title='bbox 735 3946 764 3998; x_wconf 94' lang='lat' dir='ltr'><strong>et</strong></span> <span class='ocrx_word' id='word_1_381' title='bbox 781 3944 908 4011; x_wconf 77' lang='lat' dir='ltr'><strong>foetebat,</strong></span> <span class='ocrx_word' id='word_1_382' title='bbox 925 3949 957 3999; x_wconf 79' lang='lat' dir='ltr'><strong>ut</strong></span> <span class='ocrx_word' id='word_1_383' title='bbox 974 3944 1030 4012; x_wconf 78' lang='lat' dir='ltr'><strong>ipo-i</strong></span> <span class='ocrx_word' id='word_1_384' title='bbox 1043 3942 1146 4014; x_wconf 81' lang='lat' dir='ltr'><strong>(Nom.)</strong></span> <span class='ocrx_word' id='word_1_385' title='bbox 1165 3945 1190 3998; x_wconf 80' lang='lat' dir='ltr'><strong>ei</strong></span> <span class='ocrx_word' id='word_1_386' title='bbox 1207 3944 1293 4015; x_wconf 89' lang='lat' dir='ltr'><strong>(Dat.)</strong></span> 
     </span>
     <span class='ocr_line' id='line_1_45' title="bbox 123 4011 1293 4085; baseline 0.006 -22"><span class='ocrx_word' id='word_1_387' title='bbox 123 4011 202 4077; x_wconf 76' lang='lat' dir='ltr'><strong>duent</strong></span> <span class='ocrx_word' id='word_1_388' title='bbox 232 4014 322 4080; x_wconf 69' lang='lat' dir='ltr'><strong>fereae</strong></span> <span class='ocrx_word' id='word_1_389' title='bbox 349 4013 467 4084; x_wconf 67' lang='lat' dir='ltr'><strong>(undem</strong></span> <span class='ocrx_word' id='word_1_390' title='bbox 495 4031 525 4069; x_wconf 90' lang='lat' dir='ltr'><strong>cr</strong></span> <span class='ocrx_word' id='word_1_391' title='bbox 544 4016 610 4085; x_wconf 91' lang='lat'>...&#39;)</span> <span class='ocrx_word' id='word_1_392' title='bbox 637 4014 679 4069; x_wconf 85' lang='lat' dir='ltr'><strong>ala</strong></span> <span class='ocrx_word' id='word_1_393' title='bbox 734 4021 915 4071; x_wconf 67' lang='lat' dir='ltr'><strong>numerent.</strong></span> <span class='ocrx_word' id='word_1_394' title='bbox 940 4046 974 4056; x_wconf 90' lang='lat'>-</span> <span class='ocrx_word' id='word_1_395' title='bbox 994 4023 1029 4070; x_wconf 78' lang='lat' dir='ltr'><strong>ut</strong></span> <span class='ocrx_word' id='word_1_396' title='bbox 1051 4016 1097 4069; x_wconf 82' lang='lat' dir='ltr'><strong>ille</strong></span> <span class='ocrx_word' id='word_1_397' title='bbox 1119 4017 1210 4084; x_wconf 62' lang='lat' dir='ltr'><strong>acuet,</strong></span> <span class='ocrx_word' id='word_1_398' title='bbox 1236 4016 1293 4070; x_wconf 83' lang='lat' dir='ltr'><strong>Ab·</strong></span> 
     </span>
     <span class='ocr_line' id='line_1_46' title="bbox 122 4081 1172 4156; baseline 0.005 -21"><span class='ocrx_word' id='word_1_399' title='bbox 122 4081 317 4155; x_wconf 71' lang='lat' dir='ltr'><strong>Eriboteruug.</strong></span> <span class='ocrx_word' id='word_1_400' title='bbox 734 4084 891 4141; x_wconf 86' lang='lat' dir='ltr'><strong>sichtssatz.</strong></span> <span class='ocrx_word' id='word_1_401' title='bbox 911 4103 1006 4141; x_wconf 81' lang='lat' dir='ltr'><strong>—rea</strong></span> <span class='ocrx_word' id='word_1_402' title='bbox 1025 4084 1172 4156; x_wconf 83' lang='lat' dir='ltr'><strong>‘Kapital’.</strong></span> 
     </span>
    </p>

    <p class='ocr_par' dir='ltr' id='par_1_11' title="bbox 121 4154 1293 4370">
     <span class='ocr_line' id='line_1_47' title="bbox 159 4154 1293 4223; baseline 0.004 -16"><span class='ocrx_word' id='word_1_403' title='bbox 159 4158 183 4208; x_wconf 84' lang='grc'><strong>3.</strong></span> <span class='ocrx_word' id='word_1_404' title='bbox 207 4171 268 4210; x_wconf 78' lang='lat' dir='ltr'><strong>cam</strong></span> <span class='ocrx_word' id='word_1_405' title='bbox 292 4156 408 4223; x_wconf 51' lang='grc' dir='ltr'><strong>ἥκων,</strong></span> <span class='ocrx_word' id='word_1_406' title='bbox 433 4159 505 4212; x_wconf 85' lang='lat' dir='ltr'><strong>trota</strong></span> <span class='ocrx_word' id='word_1_407' title='bbox 528 4156 577 4212; x_wconf 87' lang='lat' dir='ltr'><strong>dea</strong></span> <span class='ocrx_word' id='word_1_408' title='bbox 594 4157 680 4212; x_wconf 90' lang='lat' dir='ltr'><strong>nach·</strong></span> <span class='ocrx_word' id='word_1_409' title='bbox 770 4154 799 4212; x_wconf 80' lang='grc'><strong>4.</strong></span> <span class='ocrx_word' id='word_1_410' title='bbox 821 4157 1023 4214; x_wconf 84' lang='lat' dir='ltr'><strong>Insbesondere</strong></span> <span class='ocrx_word' id='word_1_411' title='bbox 1047 4157 1118 4211; x_wconf 79' lang='lat' dir='ltr'><strong>wird</strong></span> <span class='ocrx_word' id='word_1_412' title='bbox 1142 4174 1179 4212; x_wconf 90' lang='lat' dir='ltr'><strong>an</strong></span> <span class='ocrx_word' id='word_1_413' title='bbox 1202 4157 1293 4212; x_wconf 86' lang='lat' dir='ltr'><strong>einem</strong></span> 
     </span>
     <span class='ocr_line' id='line_1_48' title="bbox 123 4222 1293 4300; baseline 0.005 -24"><span class='ocrx_word' id='word_1_414' title='bbox 123 4222 271 4295; x_wconf 79' lang='lat' dir='ltr'><strong>folgenden</strong></span> <span class='ocrx_word' id='word_1_415' title='bbox 290 4225 491 4297; x_wconf 75' lang='lat' dir='ltr'><strong>Konjunktiva3</strong></span> <span class='ocrx_word' id='word_1_416' title='bbox 509 4229 613 4283; x_wconf 88' lang='lat' dir='ltr'><strong>ebanso</strong></span> <span class='ocrx_word' id='word_1_417' title='bbox 629 4233 679 4295; x_wconf 69' lang='lat' dir='ltr'><strong>§b</strong></span> <span class='ocrx_word' id='word_1_418' title='bbox 733 4227 857 4298; x_wconf 82' lang='lat' dir='ltr'><strong>Beispiel</strong></span> <span class='ocrx_word' id='word_1_419' title='bbox 874 4228 995 4300; x_wconf 65' lang='lat' dir='ltr'><strong>geaeigt</strong></span> <span class='ocrx_word' id='word_1_420' title='bbox 1016 4228 1066 4283; x_wconf 84' lang='lat' dir='ltr'><strong>wie</strong></span> <span class='ocrx_word' id='word_1_421' title='bbox 1084 4228 1293 4300; x_wconf 78' lang='lat' dir='ltr'><strong>unzug&#39;tnglich</strong></span> 
     </span>
     <span class='ocr_line' id='line_1_49' title="bbox 121 4297 1174 4370; baseline 0.005 -20"><span class='ocrx_word' id='word_1_422' title='bbox 121 4325 158 4336; x_wconf 90' lang='lat'><strong>—-</strong></span> <span class='ocrx_word' id='word_1_423' title='bbox 175 4297 255 4351; x_wconf 75' lang='lat' dir='ltr'><strong>‹le-re</strong></span> <span class='ocrx_word' id='word_1_424' title='bbox 270 4297 382 4367; x_wconf 65' lang='lat' dir='ltr'><strong>plublico</strong></span> <span class='ocrx_word' id='word_1_425' title='bbox 402 4298 483 4355; x_wconf 77' lang='lat' dir='ltr'><strong>‘uber</strong></span> <span class='ocrx_word' id='word_1_426' title='bbox 499 4299 626 4354; x_wconf 85' lang='lat' dir='ltr'><strong>Politik&#39;.</strong></span> <span class='ocrx_word' id='word_1_427' title='bbox 733 4299 831 4370; x_wconf 82' lang='lat' dir='ltr'><strong>Epom.</strong></span> <span class='ocrx_word' id='word_1_428' title='bbox 849 4297 895 4353; x_wconf 72' lang='lat' dir='ltr'><strong>fiir</strong></span> <span class='ocrx_word' id='word_1_429' title='bbox 912 4299 1071 4354; x_wconf 80' lang='lat' dir='ltr'><strong>Bosteohuu</strong></span> <span class='ocrx_word' id='word_1_430' title='bbox 1109 4317 1174 4355; x_wconf 84' lang='lat' dir='ltr'><strong>war.</strong></span> 
     </span>
    </p>

    <p class='ocr_par' dir='ltr' id='par_1_12' title="bbox 157 4369 1292 4442">
     <span class='ocr_line' id='line_1_50' title="bbox 157 4369 1292 4442; baseline 0.003 -20"><span class='ocrx_word' id='word_1_431' title='bbox 157 4374 182 4422; x_wconf 77' lang='lat'><strong>4.</strong></span> <span class='ocrx_word' id='word_1_432' title='bbox 206 4375 238 4424; x_wconf 79' lang='lat' dir='ltr'><strong>ut</strong></span> <span class='ocrx_word' id='word_1_433' title='bbox 258 4369 292 4425; x_wconf 82' lang='lat' dir='ltr'><strong>dc</strong></span> <span class='ocrx_word' id='word_1_434' title='bbox 313 4371 475 4441; x_wconf 74' lang='lat' dir='ltr'><strong>republica</strong></span> <span class='ocrx_word' id='word_1_435' title='bbox 494 4371 564 4426; x_wconf 71' lang='lat' dir='ltr'><strong>atto</strong></span> <span class='ocrx_word' id='word_1_436' title='bbox 581 4372 680 4442; x_wconf 71' lang='lat' dir='ltr'><strong>ceperit</strong></span> <span class='ocrx_word' id='word_1_437' title='bbox 771 4378 793 4426; x_wconf 85' lang='lat' dir='ltr'><strong>l.</strong></span> <span class='ocrx_word' id='word_1_438' title='bbox 827 4371 995 4427; x_wconf 78' lang='lat' dir='ltr'><strong>Artaxeraeo</strong></span> <span class='ocrx_word' id='word_1_439' title='bbox 1024 4371 1053 4426; x_wconf 86' lang='lat' dir='ltr'><strong>[l.</strong></span> <span class='ocrx_word' id='word_1_440' title='bbox 1111 4387 1210 4426; x_wconf 85' lang='lat' dir='ltr'><strong>nomon</strong></span> <span class='ocrx_word' id='word_1_441' title='bbox 1239 4377 1292 4426; x_wconf 79' lang='lat'><strong>405</strong></span> 
     </span>
    </p>
   </div>
   <div class='ocr_carea' id='block_1_5' title="bbox 1043 4460 1077 4513">
    <p class='ocr_par' dir='ltr' id='par_1_13' title="bbox 1043 4460 1077 4513">
     <span class='ocr_line' id='line_1_51' title="bbox 1043 4460 1077 4513; baseline 0 -25"><span class='ocrx_word' id='word_1_442' title='bbox 1043 4460 1077 4513; x_wconf 65' lang='grc'><strong>6*</strong></span> 
     </span>
    </p>
   </div>
   <div class='ocr_carea' id='block_1_6' title="bbox 0 0 1430 4740">
    <p class='ocr_par' dir='ltr' id='par_1_14' title="bbox 0 0 1430 4740">
     <span class='ocr_line' id='line_1_52' title="bbox 0 0 1430 4740; baseline 0 2"><span class='ocrx_word' id='word_1_443' title='bbox 0 0 1430 4740; x_wconf 95' lang='lat' dir='ltr'><strong> </strong></span> 
     </span>
    </p>
   </div>
  </div>
 </body>
</html>
