<?xml version="1.0" encoding="UTF-8"?>
<!DOCTYPE html PUBLIC "-//W3C//DTD XHTML 1.0 Transitional//EN"
    "http://www.w3.org/TR/xhtml1/DTD/xhtml1-transitional.dtd">
<html xmlns="http://www.w3.org/1999/xhtml" xml:lang="en" lang="en">
 <head>
  <title>
</title>
<meta http-equiv="Content-Type" content="text/html;charset=utf-8" />
  <meta name='ocr-system' content='tesseract 3.04.00' />
  <meta name='ocr-capabilities' content='ocr_page ocr_carea ocr_par ocr_line ocrx_word'/>
</head>
<body>
  <div class='ocr_page' id='page_1' title='image "./corneliusneposf00stangoog_0179.png"; bbox 0 0 2850 4740; ppageno 0'>
   <div class='ocr_carea' id='block_1_1' title="bbox 313 177 1081 280">
    <p class='ocr_par' dir='ltr' id='par_1_1' title="bbox 313 177 1081 280">
     <span class='ocr_line' id='line_1_1' title="bbox 313 177 1081 280; baseline 0.003 -6"><span class='ocrx_word' id='word_1_1' title='bbox 313 210 399 275; x_wconf 80' lang='lat' dir='ltr'><strong>xxv.</strong></span> <span class='ocrx_word' id='word_1_2' title='bbox 428 220 458 274; x_wconf 79' lang='lat' dir='ltr'>a.</span> <span class='ocrx_word' id='word_1_3' title='bbox 478 218 688 280; x_wconf 78' lang='lat' dir='ltr'>POMPONIUS</span> <span class='ocrx_word' id='word_1_4' title='bbox 705 217 866 275; x_wconf 77' lang='lat' dir='ltr'>amicus.</span> <span class='ocrx_word' id='word_1_5' title='bbox 903 219 980 274; x_wconf 76' lang='lat' dir='ltr'>aar.</span> <span class='ocrx_word' id='word_1_6' title='bbox 1000 226 1024 276; x_wconf 80' lang='lat' dir='ltr'>e.</span> <span class='ocrx_word' id='word_1_7' title='bbox 1045 177 1081 276; x_wconf 62' lang='lat' dir='ltr'>ef</span> 
     </span>
    </p>
   </div>
   <div class='ocr_carea' id='block_1_2' title="bbox 1219 221 1284 285">
    <p class='ocr_par' dir='ltr' id='par_1_2' title="bbox 1219 221 1284 285">
     <span class='ocr_line' id='line_1_2' title="bbox 1219 221 1284 285; baseline 0.015 -1"><span class='ocrx_word' id='word_1_8' title='bbox 1219 221 1284 285; x_wconf 82' lang='lat'>145</span> 
     </span>
    </p>
   </div>
   <div class='ocr_carea' id='block_1_3' title="bbox 103 381 1388 1979">
    <p class='ocr_par' dir='ltr' id='par_1_3' title="bbox 103 381 1319 1088">
     <span class='ocr_line' id='line_1_3' title="bbox 104 381 1281 469; baseline -0.001 -19"><span class='ocrx_word' id='word_1_9' title='bbox 104 384 199 469; x_wconf 91' lang='lat' dir='ltr'>sime,</span> <span class='ocrx_word' id='word_1_10' title='bbox 227 383 330 447; x_wconf 92' lang='lat' dir='ltr'>multo</span> <span class='ocrx_word' id='word_1_11' title='bbox 359 381 677 447; x_wconf 84' lang='lat' dir='ltr'>etiam&#39;familiurius</span> <span class='ocrx_word' id='word_1_12' title='bbox 704 404 801 467; x_wconf 86' lang='lat' dir='ltr'>quam</span> <span class='ocrx_word' id='word_1_13' title='bbox 829 404 902 447; x_wconf 91' lang='lat' dir='ltr'>cum</span> <span class='ocrx_word' id='word_1_14' title='bbox 926 381 1061 469; x_wconf 81' lang='lat' dir='ltr'>Quinto,</span> <span class='ocrx_word' id='word_1_15' title='bbox 1087 388 1125 448; x_wconf 91' lang='lat' dir='ltr'>ut</span> <span class='ocrx_word' id='word_1_16' title='bbox 1148 383 1281 450; x_wconf 90' lang='lat' dir='ltr'>iudicari</span> 
     </span>
     <span class='ocr_line' id='line_1_4' title="bbox 103 470 1283 558; baseline 0 -21"><span class='ocrx_word' id='word_1_17' title='bbox 103 473 222 558; x_wconf 81' lang='lat' dir='ltr'>possit,</span> <span class='ocrx_word' id='word_1_18' title='bbox 254 471 328 556; x_wconf 88' lang='lat' dir='ltr'>plus</span> <span class='ocrx_word' id='word_1_19' title='bbox 360 472 394 535; x_wconf 92' lang='lat' dir='ltr'>in</span> <span class='ocrx_word' id='word_1_20' title='bbox 427 471 570 535; x_wconf 87' lang='lat' dir='ltr'>amicitia</span> <span class='ocrx_word' id='word_1_21' title='bbox 600 471 707 536; x_wconf 86' lang='lat' dir='ltr'>valere</span> <span class='ocrx_word' id='word_1_22' title='bbox 744 470 989 545; x_wconf 89' lang='lat' dir='ltr'>similitudinem</span> <span class='ocrx_word' id='word_1_23' title='bbox 1021 494 1148 537; x_wconf 89' lang='lat' dir='ltr'>morum</span> <span class='ocrx_word' id='word_1_24' title='bbox 1186 496 1283 558; x_wconf 87' lang='lat' dir='ltr'>quam</span> 
     </span>
     <span class='ocr_line' id='line_1_5' title="bbox 105 559 1319 647; baseline 0.002 -23"><span class='ocrx_word' id='word_1_25' title='bbox 105 561 313 625; x_wconf 87' lang='lat' dir='ltr'>adfinitatem.</span> <span class='ocrx_word' id='word_1_26' title='bbox 372 559 534 626; x_wconf 87' lang='lat' dir='ltr'>Utebatur</span> <span class='ocrx_word' id='word_1_27' title='bbox 570 565 678 624; x_wconf 89' lang='lat' dir='ltr'>autem</span> <span class='ocrx_word' id='word_1_28' title='bbox 714 560 828 625; x_wconf 89' lang='lat' dir='ltr'>intime</span> <span class='ocrx_word' id='word_1_29' title='bbox 861 560 897 636; x_wconf 84' lang='lat' dir='ltr'>Q.</span> <span class='ocrx_word' id='word_1_30' title='bbox 929 559 1118 647; x_wconf 88' lang='lat' dir='ltr'>Hortensio,</span> <span class='ocrx_word' id='word_1_31' title='bbox 1155 563 1211 647; x_wconf 91' lang='lat' dir='ltr'>qui</span> <span class='ocrx_word' id='word_1_32' title='bbox 1243 563 1319 627; x_wconf 82' lang='lat' dir='ltr'>iis4</span> 
     </span>
     <span class='ocr_line' id='line_1_6' title="bbox 103 648 1283 736; baseline 0.002 -22"><span class='ocrx_word' id='word_1_33' title='bbox 103 649 305 733; x_wconf 74' lang='lat' dir='ltr'>temporibus</span> <span class='ocrx_word' id='word_1_34' title='bbox 332 649 550 733; x_wconf 77' lang='lat' dir='ltr'>principatum</span> <span class='ocrx_word' id='word_1_35' title='bbox 582 648 784 733; x_wconf 80' lang='lat' dir='ltr'>eloquentiae</span> <span class='ocrx_word' id='word_1_36' title='bbox 811 650 955 734; x_wconf 88' lang='lat' dir='ltr'>tenebat,</span> <span class='ocrx_word' id='word_1_37' title='bbox 984 654 1022 713; x_wconf 90' lang='lat' dir='ltr'>ut</span> <span class='ocrx_word' id='word_1_38' title='bbox 1049 650 1195 736; x_wconf 82' lang='lat' dir='ltr'>intellegi</span> <span class='ocrx_word' id='word_1_39' title='bbox 1216 673 1283 716; x_wconf 91' lang='lat' dir='ltr'>non</span> 
     </span>
     <span class='ocr_line' id='line_1_7' title="bbox 103 736 1285 825; baseline 0.002 -24"><span class='ocrx_word' id='word_1_40' title='bbox 103 741 229 822; x_wconf 91' lang='lat' dir='ltr'>posset,</span> <span class='ocrx_word' id='word_1_41' title='bbox 256 740 329 802; x_wconf 91' lang='lat' dir='ltr'>uter</span> <span class='ocrx_word' id='word_1_42' title='bbox 356 760 430 802; x_wconf 89' lang='lat' dir='ltr'>eum</span> <span class='ocrx_word' id='word_1_43' title='bbox 456 737 531 822; x_wconf 90' lang='lat' dir='ltr'>plus</span> <span class='ocrx_word' id='word_1_44' title='bbox 558 737 721 824; x_wconf 85' lang='lat' dir='ltr'>diligeret,</span> <span class='ocrx_word' id='word_1_45' title='bbox 749 736 859 804; x_wconf 78' lang='lat' dir='ltr'>(licere</span> <span class='ocrx_word' id='word_1_46' title='bbox 883 761 925 803; x_wconf 88' lang='lat' dir='ltr'>an</span> <span class='ocrx_word' id='word_1_47' title='bbox 947 737 1157 825; x_wconf 89' lang='lat' dir='ltr'>Hortensius;</span> <span class='ocrx_word' id='word_1_48' title='bbox 1178 744 1227 825; x_wconf 90' lang='lat' dir='ltr'>et,</span> <span class='ocrx_word' id='word_1_49' title='bbox 1249 739 1285 803; x_wconf 93' lang='lat' dir='ltr'>id</span> 
     </span>
     <span class='ocr_line' id='line_1_8' title="bbox 105 825 1283 912; baseline 0.003 -23"><span class='ocrx_word' id='word_1_50' title='bbox 105 826 192 911; x_wconf 91' lang='lat' dir='ltr'>quod</span> <span class='ocrx_word' id='word_1_51' title='bbox 219 829 289 890; x_wconf 89' lang='lat' dir='ltr'>erat</span> <span class='ocrx_word' id='word_1_52' title='bbox 311 825 553 912; x_wconf 85' lang='lat' dir='ltr'>difficillimum,</span> <span class='ocrx_word' id='word_1_53' title='bbox 575 827 750 912; x_wconf 84' lang='lat' dir='ltr'>efficiebat,</span> <span class='ocrx_word' id='word_1_54' title='bbox 771 831 825 912; x_wconf 92' lang='lat' dir='ltr'>ut,</span> <span class='ocrx_word' id='word_1_55' title='bbox 853 826 939 893; x_wconf 87' lang='lat' dir='ltr'>inter</span> <span class='ocrx_word' id='word_1_56' title='bbox 961 849 1042 912; x_wconf 86' lang='lat' dir='ltr'>quos</span> <span class='ocrx_word' id='word_1_57' title='bbox 1064 831 1157 892; x_wconf 86' lang='lat' dir='ltr'>tanta</span> <span class='ocrx_word' id='word_1_58' title='bbox 1178 827 1283 893; x_wconf 89' lang='lat' dir='ltr'>laudis</span> 
     </span>
     <span class='ocr_line' id='line_1_9' title="bbox 104 914 1284 1001; baseline 0.002 -21"><span class='ocrx_word' id='word_1_59' title='bbox 104 920 190 980; x_wconf 89' lang='lat' dir='ltr'>esset</span> <span class='ocrx_word' id='word_1_60' title='bbox 208 915 403 999; x_wconf 71' lang='lat' dir='ltr'>aemulatio,</span> <span class='ocrx_word' id='word_1_61' title='bbox 430 914 521 981; x_wconf 86' lang='lat' dir='ltr'>nulla</span> <span class='ocrx_word' id='word_1_62' title='bbox 547 915 758 981; x_wconf 88' lang='lat' dir='ltr'>intercederet</span> <span class='ocrx_word' id='word_1_63' title='bbox 781 915 974 981; x_wconf 73' lang='lat' dir='ltr'>obtrectatio</span> <span class='ocrx_word' id='word_1_64' title='bbox 997 920 1145 1001; x_wconf 82' lang='lat' dir='ltr'>essetque</span> <span class='ocrx_word' id='word_1_65' title='bbox 1168 916 1284 982; x_wconf 85' lang='lat' dir='ltr'>talium</span> 
     </span>
     <span class='ocr_line' id='line_1_10' title="bbox 103 1004 395 1088; baseline -0.003 -20"><span class='ocrx_word' id='word_1_66' title='bbox 103 1004 249 1069; x_wconf 76' lang='lat' dir='ltr'>virorum</span> <span class='ocrx_word' id='word_1_67' title='bbox 272 1004 395 1088; x_wconf 88' lang='lat' dir='ltr'>copula.</span> 
     </span>
    </p>

    <p class='ocr_par' dir='ltr' id='par_1_4' title="bbox 103 1090 1388 1979">
     <span class='ocr_line' id='line_1_11' title="bbox 195 1090 1282 1180; baseline 0.003 -23"><span class='ocrx_word' id='word_1_68' title='bbox 195 1094 225 1157; x_wconf 90' lang='lat'>6.</span> <span class='ocrx_word' id='word_1_69' title='bbox 256 1090 295 1156; x_wconf 91' lang='lat' dir='ltr'>In</span> <span class='ocrx_word' id='word_1_70' title='bbox 322 1115 357 1158; x_wconf 91' lang='lat' dir='ltr'>re</span> <span class='ocrx_word' id='word_1_71' title='bbox 384 1091 515 1176; x_wconf 89' lang='lat' dir='ltr'>publica</span> <span class='ocrx_word' id='word_1_72' title='bbox 541 1092 588 1156; x_wconf 88' lang='lat' dir='ltr'>ita</span> <span class='ocrx_word' id='word_1_73' title='bbox 615 1096 664 1160; x_wconf 91' lang='lat' dir='ltr'>est</span> <span class='ocrx_word' id='word_1_74' title='bbox 691 1096 851 1179; x_wconf 87' lang='lat' dir='ltr'>versatus,</span> <span class='ocrx_word' id='word_1_75' title='bbox 877 1097 915 1157; x_wconf 88' lang='lat' dir='ltr'>ut</span> <span class='ocrx_word' id='word_1_76' title='bbox 938 1114 1064 1177; x_wconf 88' lang='lat' dir='ltr'>semper</span> <span class='ocrx_word' id='word_1_77' title='bbox 1087 1094 1282 1180; x_wconf 88' lang='lat' dir='ltr'>optimarum</span> 
     </span>
     <span class='ocr_line' id='line_1_12' title="bbox 104 1181 1284 1267; baseline 0.003 -22"><span class='ocrx_word' id='word_1_78' title='bbox 104 1181 247 1266; x_wconf 89' lang='lat' dir='ltr'>partium</span> <span class='ocrx_word' id='word_1_79' title='bbox 279 1185 312 1246; x_wconf 91' lang='lat' dir='ltr'>et</span> <span class='ocrx_word' id='word_1_80' title='bbox 343 1186 428 1247; x_wconf 90' lang='lat' dir='ltr'>esset</span> <span class='ocrx_word' id='word_1_81' title='bbox 461 1185 494 1246; x_wconf 88' lang='lat' dir='ltr'>et</span> <span class='ocrx_word' id='word_1_82' title='bbox 522 1182 774 1267; x_wconf 81' lang='lat' dir='ltr'>existimaretur,</span> <span class='ocrx_word' id='word_1_83' title='bbox 805 1204 908 1266; x_wconf 87' lang='lat' dir='ltr'>neque</span> <span class='ocrx_word' id='word_1_84' title='bbox 936 1185 1044 1247; x_wconf 88' lang='lat' dir='ltr'>tamen</span> <span class='ocrx_word' id='word_1_85' title='bbox 1073 1205 1106 1248; x_wconf 91' lang='lat' dir='ltr'>se</span> <span class='ocrx_word' id='word_1_86' title='bbox 1134 1183 1284 1249; x_wconf 77' lang='lat' dir='ltr'>civilibus</span> 
     </span>
     <span class='ocr_line' id='line_1_13' title="bbox 103 1271 1284 1357; baseline 0.003 -22"><span class='ocrx_word' id='word_1_87' title='bbox 103 1271 257 1336; x_wconf 88' lang='lat' dir='ltr'>fluetibus</span> <span class='ocrx_word' id='word_1_88' title='bbox 289 1271 519 1356; x_wconf 90' lang='lat' dir='ltr'>committeret,</span> <span class='ocrx_word' id='word_1_89' title='bbox 550 1271 636 1356; x_wconf 92' lang='lat' dir='ltr'>quod</span> <span class='ocrx_word' id='word_1_90' title='bbox 667 1293 733 1335; x_wconf 92' lang='lat' dir='ltr'>non</span> <span class='ocrx_word' id='word_1_91' title='bbox 765 1271 870 1356; x_wconf 82' lang='lat' dir='ltr'>magis</span> <span class='ocrx_word' id='word_1_92' title='bbox 897 1293 953 1336; x_wconf 91' lang='lat' dir='ltr'>eos</span> <span class='ocrx_word' id='word_1_93' title='bbox 980 1271 1014 1335; x_wconf 91' lang='lat' dir='ltr'>in</span> <span class='ocrx_word' id='word_1_94' title='bbox 1043 1294 1101 1336; x_wconf 89' lang='lat' dir='ltr'>sua</span> <span class='ocrx_word' id='word_1_95' title='bbox 1122 1276 1284 1357; x_wconf 83' lang='lat' dir='ltr'>potestate</span> 
     </span>
     <span class='ocr_line' id='line_1_14' title="bbox 104 1357 1284 1446; baseline 0.003 -22"><span class='ocrx_word' id='word_1_96' title='bbox 104 1357 315 1424; x_wconf 82' lang='lat' dir='ltr'>existimabat</span> <span class='ocrx_word' id='word_1_97' title='bbox 343 1382 426 1445; x_wconf 90' lang='lat' dir='ltr'>esse,</span> <span class='ocrx_word' id='word_1_98' title='bbox 459 1360 514 1444; x_wconf 89' lang='lat' dir='ltr'>qui</span> <span class='ocrx_word' id='word_1_99' title='bbox 547 1381 581 1424; x_wconf 92' lang='lat' dir='ltr'>se</span> <span class='ocrx_word' id='word_1_100' title='bbox 612 1359 665 1424; x_wconf 92' lang='lat' dir='ltr'>his</span> <span class='ocrx_word' id='word_1_101' title='bbox 693 1359 869 1446; x_wconf 86' lang='lat' dir='ltr'>dedissent,</span> <span class='ocrx_word' id='word_1_102' title='bbox 902 1382 999 1445; x_wconf 92' lang='lat' dir='ltr'>quam</span> <span class='ocrx_word' id='word_1_103' title='bbox 1028 1361 1083 1444; x_wconf 91' lang='lat' dir='ltr'>qui</span> <span class='ocrx_word' id='word_1_104' title='bbox 1111 1361 1284 1427; x_wconf 87' lang='lat' dir='ltr'>maritimis</span> 
     </span>
     <span class='ocr_line' id='line_1_15' title="bbox 104 1447 1388 1535; baseline 0.004 -22"><span class='ocrx_word' id='word_1_105' title='bbox 104 1449 309 1513; x_wconf 86' lang='lat' dir='ltr'>iactarentur.</span> <span class='ocrx_word' id='word_1_106' title='bbox 359 1447 509 1513; x_wconf 90' lang='lat' dir='ltr'>Honores</span> <span class='ocrx_word' id='word_1_107' title='bbox 532 1470 597 1513; x_wconf 91' lang='lat' dir='ltr'>non</span> <span class='ocrx_word' id='word_1_108' title='bbox 620 1449 729 1534; x_wconf 90' lang='lat' dir='ltr'>petiit,</span> <span class='ocrx_word' id='word_1_109' title='bbox 759 1470 833 1513; x_wconf 89' lang='lat' dir='ltr'>cam</span> <span class='ocrx_word' id='word_1_110' title='bbox 855 1448 885 1513; x_wconf 88' lang='lat' dir='ltr'>ei</span> <span class='ocrx_word' id='word_1_111' title='bbox 907 1453 1055 1533; x_wconf 90' lang='lat' dir='ltr'>paterent</span> <span class='ocrx_word' id='word_1_112' title='bbox 1077 1450 1319 1535; x_wconf 83' lang='lat' dir='ltr'>propterve12</span> <span class='ocrx_word' id='word_1_113' title='bbox 1385 1514 1388 1518; x_wconf 79' lang='grc'><strong><em>,</em></strong></span> 
     </span>
     <span class='ocr_line' id='line_1_16' title="bbox 104 1536 1284 1624; baseline 0.003 -23"><span class='ocrx_word' id='word_1_114' title='bbox 104 1538 245 1624; x_wconf 85' lang='lat' dir='ltr'>gratiam</span> <span class='ocrx_word' id='word_1_115' title='bbox 266 1537 318 1602; x_wconf 84' lang='lat' dir='ltr'>vel</span> <span class='ocrx_word' id='word_1_116' title='bbox 342 1537 543 1624; x_wconf 76' lang='lat' dir='ltr'>dignitatem,</span> <span class='ocrx_word' id='word_1_117' title='bbox 567 1537 655 1622; x_wconf 92' lang='lat' dir='ltr'>quod</span> <span class='ocrx_word' id='word_1_118' title='bbox 676 1559 779 1622; x_wconf 88' lang='lat' dir='ltr'>neque</span> <span class='ocrx_word' id='word_1_119' title='bbox 802 1536 870 1622; x_wconf 87' lang='lat' dir='ltr'>peti</span> <span class='ocrx_word' id='word_1_120' title='bbox 893 1559 982 1603; x_wconf 91' lang='lat' dir='ltr'>more</span> <span class='ocrx_word' id='word_1_121' title='bbox 1003 1538 1162 1602; x_wconf 90' lang='lat' dir='ltr'>maiorum</span> <span class='ocrx_word' id='word_1_122' title='bbox 1181 1561 1284 1624; x_wconf 88' lang='lat' dir='ltr'>neque</span> 
     </span>
     <span class='ocr_line' id='line_1_17' title="bbox 104 1626 1284 1714; baseline 0 -23"><span class='ocrx_word' id='word_1_123' title='bbox 104 1627 177 1711; x_wconf 87' lang='lat' dir='ltr'>capi</span> <span class='ocrx_word' id='word_1_124' title='bbox 204 1632 337 1711; x_wconf 85' lang='lat' dir='ltr'>possent</span> <span class='ocrx_word' id='word_1_125' title='bbox 365 1628 563 1692; x_wconf 87' lang='lat' dir='ltr'>conservatis</span> <span class='ocrx_word' id='word_1_126' title='bbox 590 1626 717 1712; x_wconf 85' lang='lat' dir='ltr'>legibus</span> <span class='ocrx_word' id='word_1_127' title='bbox 744 1627 778 1690; x_wconf 89' lang='lat' dir='ltr'>in</span> <span class='ocrx_word' id='word_1_128' title='bbox 805 1631 874 1690; x_wconf 85' lang='lat' dir='ltr'>tarn</span> <span class='ocrx_word' id='word_1_129' title='bbox 902 1626 994 1692; x_wconf 85' lang='lat' dir='ltr'>effusi</span> <span class='ocrx_word' id='word_1_130' title='bbox 1025 1626 1167 1691; x_wconf 83' lang='lat' dir='ltr'>ambitus</span> <span class='ocrx_word' id='word_1_131' title='bbox 1189 1627 1284 1714; x_wconf 82' lang='lat' dir='ltr'>largi·</span> 
     </span>
     <span class='ocr_line' id='line_1_18' title="bbox 103 1715 1284 1802; baseline 0.002 -23"><span class='ocrx_word' id='word_1_132' title='bbox 103 1715 263 1801; x_wconf 90' lang='lat' dir='ltr'>tionibus,</span> <span class='ocrx_word' id='word_1_133' title='bbox 289 1737 393 1800; x_wconf 91' lang='lat' dir='ltr'>neque</span> <span class='ocrx_word' id='word_1_134' title='bbox 423 1716 493 1802; x_wconf 87' lang='lat' dir='ltr'>geri</span> <span class='ocrx_word' id='word_1_135' title='bbox 516 1739 533 1780; x_wconf 92' lang='lat' dir='ltr'>e</span> <span class='ocrx_word' id='word_1_136' title='bbox 556 1715 743 1800; x_wconf 87' lang='lat' dir='ltr'>republica</span> <span class='ocrx_word' id='word_1_137' title='bbox 767 1716 835 1781; x_wconf 92' lang='lat' dir='ltr'>sine</span> <span class='ocrx_word' id='word_1_138' title='bbox 857 1715 1001 1800; x_wconf 91' lang='lat' dir='ltr'>periculo</span> <span class='ocrx_word' id='word_1_139' title='bbox 1025 1716 1186 1800; x_wconf 86' lang='lat' dir='ltr'>corruptis</span> <span class='ocrx_word' id='word_1_140' title='bbox 1210 1716 1284 1782; x_wconf 81' lang='lat' dir='ltr'>civi-</span> 
     </span>
     <span class='ocr_line' id='line_1_19' title="bbox 103 1803 1319 1890; baseline 0.003 -22"><span class='ocrx_word' id='word_1_141' title='bbox 103 1804 183 1869; x_wconf 91' lang='lat' dir='ltr'>tatis</span> <span class='ocrx_word' id='word_1_142' title='bbox 210 1804 364 1870; x_wconf 91' lang='lat' dir='ltr'>moribus.</span> <span class='ocrx_word' id='word_1_143' title='bbox 416 1803 469 1869; x_wconf 88' lang='lat' dir='ltr'>Ad</span> <span class='ocrx_word' id='word_1_144' title='bbox 491 1804 620 1869; x_wconf 83' lang='lat' dir='ltr'>hastam</span> <span class='ocrx_word' id='word_1_145' title='bbox 641 1804 806 1890; x_wconf 77' lang='lat' dir='ltr'>publicam</span> <span class='ocrx_word' id='word_1_146' title='bbox 828 1826 993 1889; x_wconf 87' lang='lat' dir='ltr'>nunquam</span> <span class='ocrx_word' id='word_1_147' title='bbox 1017 1805 1159 1870; x_wconf 87' lang='lat' dir='ltr'>accessit.</span> <span class='ocrx_word' id='word_1_148' title='bbox 1205 1804 1319 1872; x_wconf 77' lang='lat' dir='ltr'>Nol-3</span> 
     </span>
     <span class='ocr_line' id='line_1_20' title="bbox 104 1891 1284 1979; baseline 0 -21"><span class='ocrx_word' id='word_1_149' title='bbox 104 1891 169 1958; x_wconf 90' lang='lat' dir='ltr'>lius</span> <span class='ocrx_word' id='word_1_150' title='bbox 201 1894 247 1958; x_wconf 92' lang='lat' dir='ltr'>rei</span> <span class='ocrx_word' id='word_1_151' title='bbox 279 1916 383 1978; x_wconf 87' lang='lat' dir='ltr'>neque</span> <span class='ocrx_word' id='word_1_152' title='bbox 414 1915 508 1978; x_wconf 87' lang='lat' dir='ltr'>praes</span> <span class='ocrx_word' id='word_1_153' title='bbox 540 1915 644 1979; x_wconf 90' lang='lat' dir='ltr'>neque</span> <span class='ocrx_word' id='word_1_154' title='bbox 676 1903 827 1978; x_wconf 86' lang='lat' dir='ltr'>manceps</span> <span class='ocrx_word' id='word_1_155' title='bbox 858 1895 963 1959; x_wconf 88' lang='lat' dir='ltr'>factus</span> <span class='ocrx_word' id='word_1_156' title='bbox 1000 1897 1057 1958; x_wconf 89' lang='lat' dir='ltr'>est.</span> <span class='ocrx_word' id='word_1_157' title='bbox 1112 1892 1284 1961; x_wconf 87' lang='lat' dir='ltr'>Neminem</span> 
     </span>
    </p>
   </div>
   <div class='ocr_carea' id='block_1_4' title="bbox 107 2120 1285 2333">
    <p class='ocr_par' dir='ltr' id='par_1_5' title="bbox 107 2120 1285 2333">
     <span class='ocr_line' id='line_1_21' title="bbox 142 2120 1285 2204; baseline 0 -28"><span class='ocrx_word' id='word_1_158' title='bbox 142 2128 168 2177; x_wconf 78' lang='lat'>4.</span> <span class='ocrx_word' id='word_1_159' title='bbox 188 2122 379 2204; x_wconf 72' lang='lat' dir='ltr'>principatum</span> <span class='ocrx_word' id='word_1_160' title='bbox 405 2123 573 2192; x_wconf 64' lang='lat' dir='ltr'>eloquamtae</span> <span class='ocrx_word' id='word_1_161' title='bbox 598 2127 669 2178; x_wconf 78' lang='lat' dir='ltr'>tene-</span> <span class='ocrx_word' id='word_1_162' title='bbox 725 2121 780 2176; x_wconf 85' lang='lat' dir='ltr'>den</span> <span class='ocrx_word' id='word_1_163' title='bbox 802 2120 961 2176; x_wconf 79' lang='lat' dir='ltr'>Vorfahren</span> <span class='ocrx_word' id='word_1_164' title='bbox 982 2121 1095 2203; x_wconf 80' lang='lat' dir='ltr'>Brauch</span> <span class='ocrx_word' id='word_1_165' title='bbox 1116 2139 1188 2204; x_wconf 70' lang='lat' dir='ltr'>var,</span> <span class='ocrx_word' id='word_1_166' title='bbox 1212 2122 1285 2177; x_wconf 90' lang='lat' dir='ltr'>ohne</span> 
     </span>
     <span class='ocr_line' id='line_1_22' title="bbox 107 2192 1284 2333; baseline 0.002 -15"><span class='ocrx_word' id='word_1_167' title='bbox 107 2193 670 2333; x_wconf 56' lang='lat' dir='ltr'>ttfhtttattttttttttt</span> <span class='ocrx_word' id='word_1_168' title='bbox 723 2192 1284 2321; x_wconf 58' lang='lat' dir='ltr'>maturitatrtatta</span> 
     </span>
    </p>
   </div>
   <div class='ocr_carea' id='block_1_5' title="bbox 49 2333 672 4477">
    <p class='ocr_par' dir='ltr' id='par_1_6' title="bbox 105 2333 669 2688">
     <span class='ocr_line' id='line_1_23' title="bbox 107 2333 669 2417; baseline 0.004 -29"><span class='ocrx_word' id='word_1_169' title='bbox 107 2333 669 2417; x_wconf 75' lang='lat' dir='ltr'>Rednervollsttndigentwiokelthatte.</span> 
     </span>
     <span class='ocr_line' id='line_1_24' title="bbox 107 2403 669 2462; baseline 0.002 -3"><span class='ocrx_word' id='word_1_170' title='bbox 107 2403 191 2460; x_wconf 88' lang='lat' dir='ltr'>Dann</span> <span class='ocrx_word' id='word_1_171' title='bbox 208 2424 266 2460; x_wconf 86' lang='lat' dir='ltr'>war</span> <span class='ocrx_word' id='word_1_172' title='bbox 289 2405 348 2460; x_wconf 93' lang='lat' dir='ltr'>ihm</span> <span class='ocrx_word' id='word_1_173' title='bbox 372 2407 464 2460; x_wconf 74' lang='lat' dir='ltr'>dieser</span> <span class='ocrx_word' id='word_1_174' title='bbox 486 2404 669 2462; x_wconf 83' lang='lat' dir='ltr'>entechieden</span> 
     </span>
     <span class='ocr_line' id='line_1_25' title="bbox 106 2476 669 2548; baseline 0 -17"><span class='ocrx_word' id='word_1_175' title='bbox 106 2477 268 2548; x_wconf 76' lang='lat' dir='ltr'>fiberlegen.</span> <span class='ocrx_word' id='word_1_176' title='bbox 296 2509 331 2518; x_wconf 91' lang='lat'><em>-</em></span> <span class='ocrx_word' id='word_1_177' title='bbox 358 2476 417 2531; x_wconf 91' lang='lat' dir='ltr'>Vor</span> <span class='ocrx_word' id='word_1_178' title='bbox 442 2478 515 2533; x_wconf 78' lang='lat' dir='ltr'>inter</span> <span class='ocrx_word' id='word_1_179' title='bbox 537 2493 605 2548; x_wconf 73' lang='lat' dir='ltr'>quoe</span> <span class='ocrx_word' id='word_1_180' title='bbox 627 2493 669 2532; x_wconf 88' lang='lat' dir='ltr'>er-</span> 
     </span>
     <span class='ocr_line' id='line_1_26' title="bbox 105 2547 668 2646; baseline 0 -44"><span class='ocrx_word' id='word_1_181' title='bbox 105 2552 197 2646; x_wconf 62' lang='lat' dir='ltr'>ptnze</span> <span class='ocrx_word' id='word_1_182' title='bbox 218 2547 292 2602; x_wconf 88' lang='lat' dir='ltr'>inter</span> <span class='ocrx_word' id='word_1_183' title='bbox 313 2564 369 2604; x_wconf 87' lang='lat' dir='ltr'>eos.</span> <span class='ocrx_word' id='word_1_184' title='bbox 388 2580 424 2590; x_wconf 92' lang='lat'>—</span> <span class='ocrx_word' id='word_1_185' title='bbox 441 2555 567 2619; x_wconf 63' lang='lat' dir='ltr'>aarum,</span> <span class='ocrx_word' id='word_1_186' title='bbox 591 2547 668 2619; x_wconf 83' lang='lat' dir='ltr'>sabj.</span> 
     </span>
     <span class='ocr_line' id='line_1_27' title="bbox 120 2618 533 2688; baseline 0 -16"><span class='ocrx_word' id='word_1_187' title='bbox 120 2619 175 2688; x_wconf 88' lang='lat' dir='ltr'>er&#39;,</span> <span class='ocrx_word' id='word_1_188' title='bbox 190 2618 310 2674; x_wconf 84' lang='lat' dir='ltr'>Atticus.</span> <span class='ocrx_word' id='word_1_189' title='bbox 469 2653 471 2655; x_wconf 64' lang='grc'><em>»</em></span> <span class='ocrx_word' id='word_1_190' title='bbox 528 2622 533 2633; x_wconf 74' lang='grc'>”</span> 
     </span>
    </p>

    <p class='ocr_par' dir='ltr' id='par_1_7' title="bbox 96 2689 671 3188">
     <span class='ocr_line' id='line_1_28' title="bbox 144 2689 670 2761; baseline -0.002 -16"><span class='ocrx_word' id='word_1_191' title='bbox 144 2691 175 2746; x_wconf 80' lang='grc' dir='ltr'>θ.</span> <span class='ocrx_word' id='word_1_192' title='bbox 193 2690 226 2750; x_wconf 84' lang='lat' dir='ltr'>In</span> <span class='ocrx_word' id='word_1_193' title='bbox 243 2689 409 2761; x_wconf 89' lang='lat' dir='ltr'>politischer</span> <span class='ocrx_word' id='word_1_194' title='bbox 430 2690 564 2746; x_wconf 85' lang='lat' dir='ltr'>Hinsioht</span> <span class='ocrx_word' id='word_1_195' title='bbox 585 2690 670 2745; x_wconf 83' lang='lat' dir='ltr'>stand</span> 
     </span>
     <span class='ocr_line' id='line_1_29' title="bbox 106 2760 670 2832; baseline 0.004 -18"><span class='ocrx_word' id='word_1_196' title='bbox 106 2761 220 2816; x_wconf 80' lang='lat' dir='ltr'>Atticus</span> <span class='ocrx_word' id='word_1_197' title='bbox 245 2778 319 2816; x_wconf 82' lang='lat' dir='ltr'>awer</span> <span class='ocrx_word' id='word_1_198' title='bbox 337 2762 389 2816; x_wconf 89' lang='lat' dir='ltr'>auf</span> <span class='ocrx_word' id='word_1_199' title='bbox 405 2760 496 2816; x_wconf 85' lang='lat' dir='ltr'>seiten</span> <span class='ocrx_word' id='word_1_200' title='bbox 519 2761 569 2816; x_wconf 87' lang='lat' dir='ltr'>der</span> <span class='ocrx_word' id='word_1_201' title='bbox 591 2761 670 2832; x_wconf 90' lang='lat' dir='ltr'>Opti-</span> 
     </span>
     <span class='ocr_line' id='line_1_30' title="bbox 107 2832 671 2901; baseline 0 -14"><span class='ocrx_word' id='word_1_202' title='bbox 107 2835 216 2901; x_wconf 82' lang='lat' dir='ltr'>maten,</span> <span class='ocrx_word' id='word_1_203' title='bbox 242 2832 314 2887; x_wconf 87' lang='lat' dir='ltr'>hielt</span> <span class='ocrx_word' id='word_1_204' title='bbox 332 2832 394 2887; x_wconf 90' lang='lat' dir='ltr'>sich</span> <span class='ocrx_word' id='word_1_205' title='bbox 412 2833 480 2888; x_wconf 84' lang='lat' dir='ltr'>aber</span> <span class='ocrx_word' id='word_1_206' title='bbox 507 2835 587 2888; x_wconf 83' lang='lat' dir='ltr'>sonat</span> <span class='ocrx_word' id='word_1_207' title='bbox 607 2849 671 2888; x_wconf 84' lang='lat' dir='ltr'>vom</span> 
     </span>
     <span class='ocr_line' id='line_1_31' title="bbox 106 2902 671 2959; baseline -0.004 -1"><span class='ocrx_word' id='word_1_208' title='bbox 106 2902 311 2958; x_wconf 86' lang='lat' dir='ltr'>Parteitreiben</span> <span class='ocrx_word' id='word_1_209' title='bbox 331 2903 393 2958; x_wconf 82' lang='lat' dir='ltr'>fem</span> <span class='ocrx_word' id='word_1_210' title='bbox 411 2904 471 2959; x_wconf 91' lang='lat' dir='ltr'>und</span> <span class='ocrx_word' id='word_1_211' title='bbox 485 2903 622 2959; x_wconf 79' lang='lat' dir='ltr'>erreichte</span> <span class='ocrx_word' id='word_1_212' title='bbox 641 2919 671 2958; x_wconf 86' lang='lat' dir='ltr'>es</span> 
     </span>
     <span class='ocr_line' id='line_1_32' title="bbox 106 2973 671 3046; baseline 0.004 -19"><span class='ocrx_word' id='word_1_213' title='bbox 106 2973 243 3043; x_wconf 83' lang='lat' dir='ltr'>dadurch,</span> <span class='ocrx_word' id='word_1_214' title='bbox 259 2975 322 3029; x_wconf 85' lang='lat' dir='ltr'>dale</span> <span class='ocrx_word' id='word_1_215' title='bbox 334 2975 428 3032; x_wconf 87' lang='lat' dir='ltr'>seiner</span> <span class='ocrx_word' id='word_1_216' title='bbox 441 2974 671 3046; x_wconf 86' lang='lat' dir='ltr'>unparteiischen</span> 
     </span>
     <span class='ocr_line' id='line_1_33' title="bbox 106 3044 670 3116; baseline 0.004 -17"><span class='ocrx_word' id='word_1_217' title='bbox 106 3044 243 3116; x_wconf 80' lang='lat' dir='ltr'>Meinung</span> <span class='ocrx_word' id='word_1_218' title='bbox 269 3063 318 3100; x_wconf 90' lang='lat' dir='ltr'>um</span> <span class='ocrx_word' id='word_1_219' title='bbox 345 3063 376 3101; x_wconf 88' lang='lat' dir='ltr'>so</span> <span class='ocrx_word' id='word_1_220' title='bbox 403 3046 483 3101; x_wconf 87' lang='lat' dir='ltr'>mehr</span> <span class='ocrx_word' id='word_1_221' title='bbox 504 3046 586 3101; x_wconf 87' lang='lat' dir='ltr'>Wert</span> <span class='ocrx_word' id='word_1_222' title='bbox 610 3045 670 3103; x_wconf 87' lang='lat' dir='ltr'>bei-</span> 
     </span>
     <span class='ocr_line' id='line_1_34' title="bbox 96 3117 347 3188; baseline 0.004 -17"><span class='ocrx_word' id='word_1_223' title='bbox 96 3132 253 3188; x_wconf 77' lang='lat' dir='ltr'>¹gemessen</span> <span class='ocrx_word' id='word_1_224' title='bbox 261 3117 347 3172; x_wconf 86' lang='lat' dir='ltr'>ward.</span> 
     </span>
    </p>

    <p class='ocr_par' dir='ltr' id='par_1_8' title="bbox 49 3188 672 3969">
     <span class='ocr_line' id='line_1_35' title="bbox 144 3188 670 3258; baseline -0.002 -13"><span class='ocrx_word' id='word_1_225' title='bbox 144 3193 168 3245; x_wconf 89' lang='lat'>1.</span> <span class='ocrx_word' id='word_1_226' title='bbox 192 3189 224 3243; x_wconf 79' lang='lat' dir='ltr'>ia</span> <span class='ocrx_word' id='word_1_227' title='bbox 246 3205 275 3244; x_wconf 84' lang='lat' dir='ltr'>re</span> <span class='ocrx_word' id='word_1_228' title='bbox 290 3188 405 3258; x_wconf 76' lang='lat' dir='ltr'>publica</span> <span class='ocrx_word' id='word_1_229' title='bbox 427 3189 469 3243; x_wconf 77' lang='lat' dir='ltr'>ita</span> <span class='ocrx_word' id='word_1_230' title='bbox 492 3195 530 3244; x_wconf 84' lang='lat' dir='ltr'>eet</span> <span class='ocrx_word' id='word_1_231' title='bbox 547 3193 670 3244; x_wconf 74' lang='lat' dir='ltr'>eea-eatae</span> 
     </span>
     <span class='ocr_line' id='line_1_36' title="bbox 109 3257 670 3330; baseline 0 -18"><span class='ocrx_word' id='word_1_232' title='bbox 109 3257 160 3312; x_wconf 79' lang='lat' dir='ltr'>‘im</span> <span class='ocrx_word' id='word_1_233' title='bbox 186 3258 368 3323; x_wconf 82' lang='lat' dir='ltr'>Steatsleben</span> <span class='ocrx_word' id='word_1_234' title='bbox 395 3259 525 3330; x_wconf 78' lang='lat' dir='ltr'>bewegte</span> <span class='ocrx_word' id='word_1_235' title='bbox 552 3275 582 3312; x_wconf 92' lang='lat' dir='ltr'>er</span> <span class='ocrx_word' id='word_1_236' title='bbox 609 3258 670 3313; x_wconf 82' lang='lat' dir='ltr'>sich</span> 
     </span>
     <span class='ocr_line' id='line_1_37' title="bbox 107 3329 670 3411; baseline -0.002 -27"><span class='ocrx_word' id='word_1_237' title='bbox 107 3330 166 3411; x_wconf 38' lang='grc' dir='ltr'><strong>ω’..</strong></span> <span class='ocrx_word' id='word_1_238' title='bbox 183 3361 218 3371; x_wconf 93' lang='lat'>-</span> <span class='ocrx_word' id='word_1_239' title='bbox 241 3331 358 3400; x_wconf 80' lang='lat' dir='ltr'>optimae</span> <span class='ocrx_word' id='word_1_240' title='bbox 381 3337 476 3400; x_wconf 77' lang='lat' dir='ltr'>partes</span> <span class='ocrx_word' id='word_1_241' title='bbox 503 3329 590 3385; x_wconf 84' lang='lat' dir='ltr'>soviel</span> <span class='ocrx_word' id='word_1_242' title='bbox 616 3329 670 3384; x_wconf 77' lang='lat' dir='ltr'>wie</span> 
     </span>
     <span class='ocr_line' id='line_1_38' title="bbox 105 3400 671 3543; baseline 0.03 -18"><span class='ocrx_word' id='word_1_243' title='bbox 105 3400 671 3543; x_wconf 50' lang='lat' dir='ltr'>aautzuaassudmrat</span> 
     </span>
     <span class='ocr_line' id='line_1_39' title="bbox 107 3542 670 3614; baseline -0.005 -16"><span class='ocrx_word' id='word_1_244' title='bbox 107 3549 199 3598; x_wconf 83' lang='lat' dir='ltr'>tamea</span> <span class='ocrx_word' id='word_1_245' title='bbox 216 3561 244 3600; x_wconf 81' lang='lat' dir='ltr'>ee</span> <span class='ocrx_word' id='word_1_246' title='bbox 261 3546 434 3600; x_wconf 74' lang='lat' dir='ltr'>committeret</span> <span class='ocrx_word' id='word_1_247' title='bbox 454 3544 538 3597; x_wconf 84' lang='lat' dir='ltr'>‘ohne</span> <span class='ocrx_word' id='word_1_248' title='bbox 552 3542 613 3596; x_wconf 86' lang='lat' dir='ltr'>sich</span> <span class='ocrx_word' id='word_1_249' title='bbox 627 3543 670 3614; x_wconf 86' lang='lat' dir='ltr'>je-</span> 
     </span>
     <span class='ocr_line' id='line_1_40' title="bbox 89 3611 671 3684; baseline 0 -16"><span class='ocrx_word' id='word_1_250' title='bbox 89 3614 248 3670; x_wconf 69' lang='lat' dir='ltr'>⁴doch...’.</span> <span class='ocrx_word' id='word_1_251' title='bbox 267 3646 302 3655; x_wconf 91' lang='lat'>—</span> <span class='ocrx_word' id='word_1_252' title='bbox 320 3616 448 3671; x_wconf 77' lang='lat' dir='ltr'>civilibus</span> <span class='ocrx_word' id='word_1_253' title='bbox 465 3615 601 3684; x_wconf 72' lang='lat' dir='ltr'>fluetibus,</span> <span class='ocrx_word' id='word_1_254' title='bbox 619 3611 671 3668; x_wconf 85' lang='lat' dir='ltr'>wir</span> 
     </span>
     <span class='ocr_line' id='line_1_41' title="bbox 107 3684 670 3741; baseline 0.002 -2"><span class='ocrx_word' id='word_1_255' title='bbox 107 3684 161 3740; x_wconf 88' lang='lat' dir='ltr'>mit</span> <span class='ocrx_word' id='word_1_256' title='bbox 167 3686 361 3741; x_wconf 78' lang='lat' dir='ltr'>verenaerrem</span> <span class='ocrx_word' id='word_1_257' title='bbox 370 3686 452 3740; x_wconf 89' lang='lat' dir='ltr'>Bilde</span> <span class='ocrx_word' id='word_1_258' title='bbox 463 3685 531 3740; x_wconf 80' lang='lat' dir='ltr'>‘den</span> <span class='ocrx_word' id='word_1_259' title='bbox 539 3685 670 3740; x_wconf 78' lang='lat' dir='ltr'>Stfinnen</span> 
     </span>
     <span class='ocr_line' id='line_1_42' title="bbox 109 3755 671 3827; baseline 0.005 -18"><span class='ocrx_word' id='word_1_260' title='bbox 109 3755 158 3811; x_wconf 89' lang='lat' dir='ltr'>des</span> <span class='ocrx_word' id='word_1_261' title='bbox 176 3756 346 3827; x_wconf 86' lang='lat' dir='ltr'>politischen</span> <span class='ocrx_word' id='word_1_262' title='bbox 366 3757 495 3812; x_wconf 87' lang='lat' dir='ltr'>Lebens&#39;.</span> <span class='ocrx_word' id='word_1_263' title='bbox 516 3789 550 3797; x_wconf 90' lang='lat'>-</span> <span class='ocrx_word' id='word_1_264' title='bbox 569 3759 601 3812; x_wconf 77' lang='lat' dir='ltr'>ia</span> <span class='ocrx_word' id='word_1_265' title='bbox 618 3773 671 3812; x_wconf 78' lang='lat' dir='ltr'>aaa</span> 
     </span>
     <span class='ocr_line' id='line_1_43' title="bbox 105 3826 672 3897; baseline 0 -14"><span class='ocrx_word' id='word_1_266' title='bbox 105 3834 238 3897; x_wconf 79' lang='lat' dir='ltr'>potestate</span> <span class='ocrx_word' id='word_1_267' title='bbox 269 3846 323 3884; x_wconf 86' lang='lat' dir='ltr'>esse</span> <span class='ocrx_word' id='word_1_268' title='bbox 356 3828 428 3883; x_wconf 82' lang='lat' dir='ltr'>‘sein</span> <span class='ocrx_word' id='word_1_269' title='bbox 459 3826 484 3882; x_wconf 79' lang='lat' dir='ltr'>e‘</span> <span class='ocrx_word' id='word_1_270' title='bbox 522 3843 573 3883; x_wconf 89' lang='lat' dir='ltr'>ner</span> <span class='ocrx_word' id='word_1_271' title='bbox 599 3827 672 3890; x_wconf 77' lang='lat' dir='ltr'>Hert</span> 
     </span>
     <span class='ocr_line' id='line_1_44' title="bbox 49 3898 670 3969; baseline 0.003 -17"><span class='ocrx_word' id='word_1_272' title='bbox 49 3941 50 3944; x_wconf 15' lang='grc' dir='ltr'>η</span> <span class='ocrx_word' id='word_1_273' title='bbox 108 3898 188 3956; x_wconf 86' lang='lat' dir='ltr'>sein&#39;.</span> <span class='ocrx_word' id='word_1_274' title='bbox 204 3931 238 3940; x_wconf 85' lang='lat'>-</span> <span class='ocrx_word' id='word_1_275' title='bbox 253 3900 407 3969; x_wconf 76' lang='lat' dir='ltr'>raaea‘ta&#39;mic,</span> <span class='ocrx_word' id='word_1_276' title='bbox 426 3903 465 3954; x_wconf 78' lang='lat' dir='ltr'>nt</span> <span class='ocrx_word' id='word_1_277' title='bbox 507 3898 670 3954; x_wconf 80' lang='lat' dir='ltr'>¹fluctibus.</span> 
     </span>
    </p>

    <p class='ocr_par' dir='ltr' id='par_1_9' title="bbox 84 3970 671 4477">
     <span class='ocr_line' id='line_1_45' title="bbox 143 3970 670 4042; baseline 0 -18"><span class='ocrx_word' id='word_1_278' title='bbox 143 3976 167 4025; x_wconf 68' lang='lat'>2.</span> <span class='ocrx_word' id='word_1_279' title='bbox 191 3972 284 4042; x_wconf 76' lang='lat' dir='ltr'>pratia</span> <span class='ocrx_word' id='word_1_280' title='bbox 307 3970 422 4024; x_wconf 81' lang='lat' dir='ltr'>uhnlich</span> <span class='ocrx_word' id='word_1_281' title='bbox 449 3970 503 4025; x_wconf 81' lang='lat' dir='ltr'>wie</span> <span class='ocrx_word' id='word_1_282' title='bbox 521 3977 551 4039; x_wconf 75' lang='lat'>2,</span> <span class='ocrx_word' id='word_1_283' title='bbox 574 3976 605 4037; x_wconf 78' lang='lat'>43</span> <span class='ocrx_word' id='word_1_284' title='bbox 628 3970 670 4024; x_wconf 74' lang='lat' dir='ltr'>ai-</span> 
     </span>
     <span class='ocr_line' id='line_1_46' title="bbox 106 4041 669 4112; baseline 0 -16"><span class='ocrx_word' id='word_1_285' title='bbox 106 4043 200 4112; x_wconf 72' lang='lat' dir='ltr'>am&#39;tas</span> <span class='ocrx_word' id='word_1_286' title='bbox 226 4041 290 4102; x_wconf 82' lang='lat' dir='ltr'>hier:</span> <span class='ocrx_word' id='word_1_287' title='bbox 319 4041 431 4096; x_wconf 76' lang='lat' dir='ltr'>‘Wr&#39;irdi</span> <span class='ocrx_word' id='word_1_288' title='bbox 450 4041 532 4096; x_wconf 84' lang='lat' dir='ltr'>keit&#39;.</span> <span class='ocrx_word' id='word_1_289' title='bbox 552 4074 587 4082; x_wconf 88' lang='lat'>-</span> <span class='ocrx_word' id='word_1_290' title='bbox 602 4042 669 4111; x_wconf 77' lang='lat' dir='ltr'>peti,</span> 
     </span>
     <span class='ocr_line' id='line_1_47' title="bbox 107 4061 671 4183; baseline -0.004 -15"><span class='ocrx_word' id='word_1_291' title='bbox 107 4114 178 4182; x_wconf 77' lang='lat' dir='ltr'>capi,</span> <span class='ocrx_word' id='word_1_292' title='bbox 196 4115 255 4183; x_wconf 69' lang='lat' dir='ltr'>pert</span> <span class='ocrx_word' id='word_1_293' title='bbox 270 4113 417 4167; x_wconf 81' lang='lat' dir='ltr'>tibersetae</span> <span class='ocrx_word' id='word_1_294' title='bbox 431 4061 520 4167; x_wconf 77' lang='lat' dir='ltr'>durch</span> <span class='ocrx_word' id='word_1_295' title='bbox 534 4111 671 4167; x_wconf 86' lang='lat' dir='ltr'>Substan-</span> 
     </span>
     <span class='ocr_line' id='line_1_48' title="bbox 107 4182 670 4254; baseline -0.004 -16"><span class='ocrx_word' id='word_1_296' title='bbox 107 4182 164 4238; x_wconf 79' lang='lat' dir='ltr'>tive</span> <span class='ocrx_word' id='word_1_297' title='bbox 179 4183 384 4254; x_wconf 79' lang='lat' dir='ltr'>(‘Bewerbung‚</span> <span class='ocrx_word' id='word_1_298' title='bbox 403 4183 578 4254; x_wconf 81' lang='lat' dir='ltr'>Erlangung‚</span> <span class='ocrx_word' id='word_1_299' title='bbox 601 4182 670 4238; x_wconf 88' lang='lat' dir='ltr'>Ver-</span> 
     </span>
     <span class='ocr_line' id='line_1_49' title="bbox 107 4253 669 4326; baseline -0.002 -17"><span class='ocrx_word' id='word_1_300' title='bbox 107 4253 271 4326; x_wconf 84' lang='lat' dir='ltr'>waltung’);</span> <span class='ocrx_word' id='word_1_301' title='bbox 292 4263 403 4324; x_wconf 76' lang='lat' dir='ltr'>posteat</span> <span class='ocrx_word' id='word_1_302' title='bbox 432 4254 567 4326; x_wconf 79' lang='lat' dir='ltr'>‘mbglich</span> <span class='ocrx_word' id='word_1_303' title='bbox 589 4254 669 4309; x_wconf 88' lang='lat' dir='ltr'>war&#39;.</span> 
     </span>
     <span class='ocr_line' id='line_1_50' title="bbox 84 4324 670 4395; baseline 0 -15"><span class='ocrx_word' id='word_1_304' title='bbox 84 4370 86 4374; x_wconf 60' lang='grc'>,</span> <span class='ocrx_word' id='word_1_305' title='bbox 107 4358 142 4368; x_wconf 92' lang='lat'>-</span> <span class='ocrx_word' id='word_1_306' title='bbox 160 4342 233 4381; x_wconf 80' lang='lat' dir='ltr'>neore</span> <span class='ocrx_word' id='word_1_307' title='bbox 255 4328 403 4395; x_wconf 71' lang='lat' dir='ltr'>maiorum,</span> <span class='ocrx_word' id='word_1_308' title='bbox 427 4326 453 4381; x_wconf 92' lang='lat' dir='ltr'>d.</span> <span class='ocrx_word' id='word_1_309' title='bbox 469 4325 486 4381; x_wconf 93' lang='lat' dir='ltr'>i.</span> <span class='ocrx_word' id='word_1_310' title='bbox 512 4325 600 4381; x_wconf 87' lang='lat' dir='ltr'>durch</span> <span class='ocrx_word' id='word_1_311' title='bbox 623 4324 670 4380; x_wconf 83' lang='lat' dir='ltr'>die</span> 
     </span>
     <span class='ocr_line' id='line_1_51' title="bbox 106 4395 670 4477; baseline -0.004 -25"><span class='ocrx_word' id='word_1_312' title='bbox 106 4397 236 4452; x_wconf 85' lang='lat' dir='ltr'>erlaubte</span> <span class='ocrx_word' id='word_1_313' title='bbox 263 4397 452 4468; x_wconf 81' lang='lat' dir='ltr'>Bewerbung,</span> <span class='ocrx_word' id='word_1_314' title='bbox 483 4397 537 4477; x_wconf 79' lang='lat' dir='ltr'>wie</span> <span class='ocrx_word' id='word_1_315' title='bbox 565 4412 594 4451; x_wconf 89' lang='lat' dir='ltr'>es</span> <span class='ocrx_word' id='word_1_316' title='bbox 621 4395 670 4451; x_wconf 90' lang='lat' dir='ltr'>bei</span> 
     </span>
    </p>
   </div>
   <div class='ocr_carea' id='block_1_6' title="bbox 114 4495 334 4539">
    <p class='ocr_par' dir='ltr' id='par_1_10' title="bbox 114 4495 334 4539">
     <span class='ocr_line' id='line_1_52' title="bbox 114 4495 334 4539; baseline 0.005 -1"><span class='ocrx_word' id='word_1_317' title='bbox 114 4523 117 4530; x_wconf 76' lang='lat'><strong>.</strong></span> <span class='ocrx_word' id='word_1_318' title='bbox 161 4495 233 4538; x_wconf 69' lang='lat' dir='ltr'>Gonu.</span> <span class='ocrx_word' id='word_1_319' title='bbox 246 4497 334 4539; x_wconf 66' lang='lat' dir='ltr'>Nauos.</span> 
     </span>
    </p>
   </div>
   <div class='ocr_carea' id='block_1_7' title="bbox 723 2336 1287 2490">
    <p class='ocr_par' dir='ltr' id='par_1_11' title="bbox 723 2336 1287 2490">
     <span class='ocr_line' id='line_1_53' title="bbox 723 2336 1287 2420; baseline 0.004 -30"><span class='ocrx_word' id='word_1_320' title='bbox 723 2336 800 2390; x_wconf 78' lang='lat' dir='ltr'>-ia</span> <span class='ocrx_word' id='word_1_321' title='bbox 808 2337 1083 2404; x_wconf 75' lang='lat' dir='ltr'>tameffaaiambitas</span> <span class='ocrx_word' id='word_1_322' title='bbox 1093 2336 1287 2420; x_wconf 55' lang='lat' dir='ltr'>mathanites</span> 
     </span>
     <span class='ocr_line' id='line_1_54' title="bbox 723 2406 1286 2490; baseline 0.004 -29"><span class='ocrx_word' id='word_1_323' title='bbox 723 2406 825 2490; x_wconf 74' lang='lat' dir='ltr'>gelrbrt</span> <span class='ocrx_word' id='word_1_324' title='bbox 850 2406 924 2461; x_wconf 82' lang='lat' dir='ltr'>euch</span> <span class='ocrx_word' id='word_1_325' title='bbox 951 2423 985 2460; x_wconf 84' lang='lat' dir='ltr'>zu</span> <span class='ocrx_word' id='word_1_326' title='bbox 1016 2423 1118 2488; x_wconf 42' lang='lat' dir='ltr'>aeque,</span> <span class='ocrx_word' id='word_1_327' title='bbox 1128 2413 1188 2476; x_wconf 71' lang='lat' dir='ltr'>petr</span> <span class='ocrx_word' id='word_1_328' title='bbox 1214 2423 1286 2463; x_wconf 85' lang='lat' dir='ltr'>more</span> 
     </span>
    </p>
   </div>
   <div class='ocr_carea' id='block_1_8' title="bbox 705 2477 1286 2549">
    <p class='ocr_par' dir='ltr' id='par_1_12' title="bbox 705 2477 1286 2549">
     <span class='ocr_line' id='line_1_55' title="bbox 705 2477 1286 2549; baseline 0 -17"><span class='ocrx_word' id='word_1_329' title='bbox 705 2494 866 2534; x_wconf 75' lang='lat' dir='ltr'>maronae.</span> <span class='ocrx_word' id='word_1_330' title='bbox 885 2509 921 2518; x_wconf 90' lang='lat'>—</span> <span class='ocrx_word' id='word_1_331' title='bbox 939 2478 1069 2546; x_wconf 79' lang='lat' dir='ltr'>ambitae,</span> <span class='ocrx_word' id='word_1_332' title='bbox 1092 2477 1208 2549; x_wconf 79' lang='lat' dir='ltr'>ergcntl.</span> <span class='ocrx_word' id='word_1_333' title='bbox 1234 2477 1286 2532; x_wconf 88' lang='lat' dir='ltr'>das</span> 
     </span>
    </p>
   </div>
   <div class='ocr_carea' id='block_1_9' title="bbox 722 2547 1336 4468">
    <p class='ocr_par' dir='ltr' id='par_1_13' title="bbox 723 2547 1294 3101">
     <span class='ocr_line' id='line_1_56' title="bbox 723 2547 1285 2619; baseline 0.002 -16"><span class='ocrx_word' id='word_1_334' title='bbox 723 2548 929 2619; x_wconf 81' lang='lat' dir='ltr'>Umhergehen‚</span> <span class='ocrx_word' id='word_1_335' title='bbox 948 2565 997 2602; x_wconf 90' lang='lat' dir='ltr'>nm</span> <span class='ocrx_word' id='word_1_336' title='bbox 1014 2547 1059 2602; x_wconf 72' lang='lat' dir='ltr'>fiir</span> <span class='ocrx_word' id='word_1_337' title='bbox 1082 2548 1128 2603; x_wconf 89' lang='lat' dir='ltr'>die</span> <span class='ocrx_word' id='word_1_338' title='bbox 1147 2547 1234 2602; x_wconf 84' lang='lat' dir='ltr'>Wehl</span> <span class='ocrx_word' id='word_1_339' title='bbox 1251 2567 1285 2606; x_wconf 84' lang='lat' dir='ltr'>zu</span> 
     </span>
     <span class='ocr_line' id='line_1_57' title="bbox 723 2618 1286 2690; baseline 0 -16"><span class='ocrx_word' id='word_1_340' title='bbox 723 2619 817 2674; x_wconf 88' lang='lat' dir='ltr'>einem</span> <span class='ocrx_word' id='word_1_341' title='bbox 838 2619 921 2674; x_wconf 80' lang='lat' dir='ltr'>Arate</span> <span class='ocrx_word' id='word_1_342' title='bbox 945 2618 1082 2674; x_wconf 82' lang='lat' dir='ltr'>Stimmen</span> <span class='ocrx_word' id='word_1_343' title='bbox 1104 2637 1139 2674; x_wconf 81' lang='lat' dir='ltr'>zu</span> <span class='ocrx_word' id='word_1_344' title='bbox 1161 2620 1286 2690; x_wconf 76' lang='lat' dir='ltr'>werben3</span> 
     </span>
     <span class='ocr_line' id='line_1_58' title="bbox 725 2689 1286 2760; baseline 0 -16"><span class='ocrx_word' id='word_1_345' title='bbox 725 2690 809 2760; x_wconf 80' lang='lat' dir='ltr'>donn,</span> <span class='ocrx_word' id='word_1_346' title='bbox 833 2691 871 2745; x_wconf 84' lang='lat' dir='ltr'>da</span> <span class='ocrx_word' id='word_1_347' title='bbox 893 2689 936 2751; x_wconf 85' lang='lat' dir='ltr'>oft</span> <span class='ocrx_word' id='word_1_348' title='bbox 953 2709 992 2745; x_wconf 86' lang='lat' dir='ltr'>un</span> <span class='ocrx_word' id='word_1_349' title='bbox 1012 2690 1163 2746; x_wconf 83' lang='lat' dir='ltr'>eaetzliohe</span> <span class='ocrx_word' id='word_1_350' title='bbox 1183 2690 1286 2760; x_wconf 85' lang='lat' dir='ltr'>Mittel,</span> 
     </span>
     <span class='ocr_line' id='line_1_59' title="bbox 724 2761 1286 2832; baseline -0.002 -15"><span class='ocrx_word' id='word_1_351' title='bbox 724 2762 877 2817; x_wconf 87' lang='lat' dir='ltr'>besonders</span> <span class='ocrx_word' id='word_1_352' title='bbox 899 2761 1000 2817; x_wconf 84' lang='lat' dir='ltr'>Bestec</span> <span class='ocrx_word' id='word_1_353' title='bbox 1021 2779 1090 2832; x_wconf 81' lang='lat' dir='ltr'>ung,</span> <span class='ocrx_word' id='word_1_354' title='bbox 1119 2761 1205 2817; x_wconf 86' lang='lat' dir='ltr'>dabei</span> <span class='ocrx_word' id='word_1_355' title='bbox 1238 2778 1286 2816; x_wconf 87' lang='lat' dir='ltr'>an-</span> 
     </span>
     <span class='ocr_line' id='line_1_60' title="bbox 725 2831 1286 2957; baseline -0.002 -69"><span class='ocrx_word' id='word_1_356' title='bbox 725 2832 1002 2957; x_wconf 53' lang='lat' dir='ltr'>ssewendetwnrden,</span> <span class='ocrx_word' id='word_1_357' title='bbox 1014 2831 1286 2905; x_wconf 78' lang='lat' dir='ltr'>‘dieungesotzliche</span> 
     </span>
     <span class='ocr_line' id='line_1_61' title="bbox 749 2903 1286 2977; baseline 0 -19"><span class='ocrx_word' id='word_1_358' title='bbox 749 2903 901 2977; x_wconf 54' lang='lat' dir='ltr'>ewepbung</span> <span class='ocrx_word' id='word_1_359' title='bbox 914 2921 962 2958; x_wconf 89' lang='lat' dir='ltr'>mn</span> <span class='ocrx_word' id='word_1_360' title='bbox 976 2903 1023 2958; x_wconf 92' lang='lat' dir='ltr'>ein</span> <span class='ocrx_word' id='word_1_361' title='bbox 1035 2904 1124 2973; x_wconf 85' lang='lat' dir='ltr'>Amt&#39;,</span> <span class='ocrx_word' id='word_1_362' title='bbox 1137 2903 1200 2958; x_wconf 88' lang='lat' dir='ltr'>hier</span> <span class='ocrx_word' id='word_1_363' title='bbox 1213 2907 1286 2958; x_wconf 84' lang='lat' dir='ltr'>etwa</span> 
     </span>
     <span class='ocr_line' id='line_1_62' title="bbox 726 2974 1294 3045; baseline 0.005 -17"><span class='ocrx_word' id='word_1_364' title='bbox 726 2975 783 3029; x_wconf 87' lang='lat' dir='ltr'>‘die</span> <span class='ocrx_word' id='word_1_365' title='bbox 806 2974 993 3045; x_wconf 69' lang='lat' dir='ltr'>Amterjegd’.</span> <span class='ocrx_word' id='word_1_366' title='bbox 1017 2977 1103 3029; x_wconf 83' lang='lat' dir='ltr'>-ia</span> <span class='ocrx_word' id='word_1_367' title='bbox 1124 2991 1153 3029; x_wconf 84' lang='lat' dir='ltr'>re</span> <span class='ocrx_word' id='word_1_368' title='bbox 1172 2976 1294 3044; x_wconf 69' lang='lat' dir='ltr'>puelia</span> 
     </span>
     <span class='ocr_line' id='line_1_63' title="bbox 726 3045 1151 3101; baseline 0.002 -2"><span class='ocrx_word' id='word_1_369' title='bbox 726 3046 801 3100; x_wconf 82' lang='lat' dir='ltr'>‘eum</span> <span class='ocrx_word' id='word_1_370' title='bbox 817 3045 929 3101; x_wconf 84' lang='lat' dir='ltr'>Nutaen</span> <span class='ocrx_word' id='word_1_371' title='bbox 948 3045 997 3100; x_wconf 83' lang='lat' dir='ltr'>des</span> <span class='ocrx_word' id='word_1_372' title='bbox 1017 3045 1151 3101; x_wconf 83' lang='lat' dir='ltr'>Staates&#39;.</span> 
     </span>
    </p>

    <p class='ocr_par' dir='ltr' id='par_1_14' title="bbox 722 3115 1336 4468">
     <span class='ocr_line' id='line_1_64' title="bbox 760 3115 1286 3188; baseline -0.002 -16"><span class='ocrx_word' id='word_1_373' title='bbox 760 3123 785 3172; x_wconf 84' lang='grc'>3.</span> <span class='ocrx_word' id='word_1_374' title='bbox 797 3115 862 3172; x_wconf 87' lang='lat' dir='ltr'>Alle</span> <span class='ocrx_word' id='word_1_375' title='bbox 873 3115 1107 3171; x_wconf 86' lang='lat' dir='ltr'>dieindiesemP</span> <span class='ocrx_word' id='word_1_376' title='bbox 1211 3117 1286 3188; x_wconf 88' lang='lat' dir='ltr'>phen</span> 
     </span>
     <span class='ocr_line' id='line_1_65' title="bbox 723 3187 1287 3259; baseline 0 -17"><span class='ocrx_word' id='word_1_377' title='bbox 723 3191 886 3259; x_wconf 76' lang='lat' dir='ltr'>genennten</span> <span class='ocrx_word' id='word_1_378' title='bbox 903 3187 996 3258; x_wconf 79' lang='lat' dir='ltr'>Dinge</span> <span class='ocrx_word' id='word_1_379' title='bbox 1009 3203 1104 3242; x_wconf 81' lang='lat' dir='ltr'>waren</span> <span class='ocrx_word' id='word_1_380' title='bbox 1122 3205 1167 3243; x_wconf 91' lang='lat' dir='ltr'>me</span> <span class='ocrx_word' id='word_1_381' title='bbox 1219 3188 1287 3244; x_wconf 87' lang='lat' dir='ltr'>oder</span> 
     </span>
     <span class='ocr_line' id='line_1_66' title="bbox 723 3257 1287 3385; baseline 0 0"><span class='ocrx_word' id='word_1_382' title='bbox 723 3257 1287 3385; x_wconf 68' lang='lat' dir='ltr'>rraaaraaaaaarad</span> 
     </span>
     <span class='ocr_line' id='line_1_67' title="bbox 723 3399 1287 3470; baseline 0 -14"><span class='ocrx_word' id='word_1_383' title='bbox 723 3401 846 3456; x_wconf 80' lang='lat' dir='ltr'>wacken.</span> <span class='ocrx_word' id='word_1_384' title='bbox 860 3433 896 3442; x_wconf 90' lang='lat'><em>-</em></span> <span class='ocrx_word' id='word_1_385' title='bbox 909 3401 990 3457; x_wconf 78' lang='lat' dir='ltr'>basta</span> <span class='ocrx_word' id='word_1_386' title='bbox 1003 3402 1119 3470; x_wconf 76' lang='lat' dir='ltr'>publiea</span> <span class='ocrx_word' id='word_1_387' title='bbox 1132 3399 1207 3456; x_wconf 83' lang='lat' dir='ltr'>‘eine</span> <span class='ocrx_word' id='word_1_388' title='bbox 1217 3400 1287 3456; x_wconf 88' lang='lat' dir='ltr'>Ver-</span> 
     </span>
     <span class='ocr_line' id='line_1_68' title="bbox 722 3471 1284 3554; baseline 0 -28"><span class='ocrx_word' id='word_1_389' title='bbox 722 3471 888 3554; x_wconf 80' lang='lat' dir='ltr'>steigerung</span> <span class='ocrx_word' id='word_1_390' title='bbox 904 3489 959 3550; x_wconf 87' lang='lat' dir='ltr'>von</span> <span class='ocrx_word' id='word_1_391' title='bbox 973 3471 1068 3526; x_wconf 79' lang='lat' dir='ltr'>Stante</span> <span class='ocrx_word' id='word_1_392' title='bbox 1082 3473 1202 3543; x_wconf 81' lang='lat' dir='ltr'>wegen’,</span> <span class='ocrx_word' id='word_1_393' title='bbox 1221 3471 1284 3527; x_wconf 86' lang='lat' dir='ltr'>weil</span> 
     </span>
     <span class='ocr_line' id='line_1_69' title="bbox 724 3541 1285 3616; baseline 0.004 -20"><span class='ocrx_word' id='word_1_394' title='bbox 724 3543 821 3612; x_wconf 84' lang='lat' dir='ltr'>dabei‚</span> <span class='ocrx_word' id='word_1_395' title='bbox 847 3559 902 3598; x_wconf 84' lang='lat' dir='ltr'>wie</span> <span class='ocrx_word' id='word_1_396' title='bbox 923 3543 997 3598; x_wconf 88' lang='lat' dir='ltr'>nach</span> <span class='ocrx_word' id='word_1_397' title='bbox 1020 3541 1113 3597; x_wconf 89' lang='lat' dir='ltr'>einem</span> <span class='ocrx_word' id='word_1_398' title='bbox 1136 3542 1285 3616; x_wconf 82' lang='lat' dir='ltr'>altenGe·</span> 
     </span>
     <span class='ocr_line' id='line_1_70' title="bbox 722 3613 1336 3670; baseline 0 -1"><span class='ocrx_word' id='word_1_399' title='bbox 722 3615 832 3670; x_wconf 88' lang='lat' dir='ltr'>brauoh</span> <span class='ocrx_word' id='word_1_400' title='bbox 855 3614 933 3669; x_wconf 83' lang='lat' dir='ltr'>baim</span> <span class='ocrx_word' id='word_1_401' title='bbox 954 3613 1097 3669; x_wconf 81' lang='lat' dir='ltr'>Varkaufe</span> <span class='ocrx_word' id='word_1_402' title='bbox 1121 3615 1172 3668; x_wconf 90' lang='lat' dir='ltr'>der</span> <span class='ocrx_word' id='word_1_403' title='bbox 1196 3613 1287 3669; x_wconf 82' lang='lat' dir='ltr'>feind-</span> <span class='ocrx_word' id='word_1_404' title='bbox 1335 3617 1336 3626; x_wconf 48' lang='lat'><strong>³</strong></span> 
     </span>
     <span class='ocr_line' id='line_1_71' title="bbox 723 3685 1286 3755; baseline 0.005 -17"><span class='ocrx_word' id='word_1_405' title='bbox 723 3685 818 3740; x_wconf 88' lang='lat' dir='ltr'>lichen</span> <span class='ocrx_word' id='word_1_406' title='bbox 826 3685 925 3755; x_wconf 86' lang='lat' dir='ltr'>Beate,</span> <span class='ocrx_word' id='word_1_407' title='bbox 936 3685 978 3739; x_wconf 83' lang='lat' dir='ltr'>als</span> <span class='ocrx_word' id='word_1_408' title='bbox 989 3685 1109 3740; x_wconf 87' lang='lat' dir='ltr'>Zeichen</span> <span class='ocrx_word' id='word_1_409' title='bbox 1119 3685 1182 3744; x_wconf 86' lang='lat' dir='ltr'>eine</span> <span class='ocrx_word' id='word_1_410' title='bbox 1193 3685 1286 3741; x_wconf 84' lang='lat' dir='ltr'>Lanae</span> 
     </span>
     <span class='ocr_line' id='line_1_72' title="bbox 725 3755 1286 3828; baseline 0.002 -18"><span class='ocrx_word' id='word_1_411' title='bbox 725 3755 904 3828; x_wconf 79' lang='lat' dir='ltr'>ansgesteclrt</span> <span class='ocrx_word' id='word_1_412' title='bbox 930 3756 1044 3818; x_wconf 84' lang='lat' dir='ltr'>warde</span> <span class='ocrx_word' id='word_1_413' title='bbox 1080 3755 1150 3811; x_wconf 90' lang='lat' dir='ltr'>Hier</span> <span class='ocrx_word' id='word_1_414' title='bbox 1177 3755 1216 3810; x_wconf 83' lang='lat' dir='ltr'>ist</span> <span class='ocrx_word' id='word_1_415' title='bbox 1240 3756 1286 3811; x_wconf 84' lang='lat' dir='ltr'>die</span> 
     </span>
     <span class='ocr_line' id='line_1_73' title="bbox 724 3826 1287 3909; baseline 0.002 -28"><span class='ocrx_word' id='word_1_416' title='bbox 724 3826 1287 3909; x_wconf 67' lang='lat' dir='ltr'>VersteigerungvonGdtemgetehteter</span> 
     </span>
     <span class='ocr_line' id='line_1_74' title="bbox 724 3897 1287 3968; baseline -0.002 -15"><span class='ocrx_word' id='word_1_417' title='bbox 724 3898 782 3953; x_wconf 81' lang='lat' dir='ltr'>Bar</span> <span class='ocrx_word' id='word_1_418' title='bbox 801 3915 833 3953; x_wconf 90' lang='lat' dir='ltr'>er</span> <span class='ocrx_word' id='word_1_419' title='bbox 874 3901 992 3968; x_wconf 87' lang='lat' dir='ltr'>ememt,</span> <span class='ocrx_word' id='word_1_420' title='bbox 1016 3898 1103 3953; x_wconf 89' lang='lat' dir='ltr'>durch</span> <span class='ocrx_word' id='word_1_421' title='bbox 1126 3899 1213 3953; x_wconf 89' lang='lat' dir='ltr'>deren</span> <span class='ocrx_word' id='word_1_422' title='bbox 1229 3897 1287 3953; x_wconf 75' lang='lat' dir='ltr'>An-</span> 
     </span>
     <span class='ocr_line' id='line_1_75' title="bbox 723 3917 1285 4052; baseline 0.002 -28"><span class='ocrx_word' id='word_1_423' title='bbox 723 3917 801 4052; x_wconf 70' lang='lat' dir='ltr'>kaul</span> <span class='ocrx_word' id='word_1_424' title='bbox 819 3917 880 4024; x_wconf 72' lang='lat' dir='ltr'>sich</span> <span class='ocrx_word' id='word_1_425' title='bbox 902 3969 933 4024; x_wconf 93' lang='lat' dir='ltr'>in</span> <span class='ocrx_word' id='word_1_426' title='bbox 951 3970 1033 4040; x_wconf 90' lang='lat' dir='ltr'>jener</span> <span class='ocrx_word' id='word_1_427' title='bbox 1055 3969 1116 4024; x_wconf 88' lang='lat' dir='ltr'>Zeit</span> <span class='ocrx_word' id='word_1_428' title='bbox 1140 3969 1213 4024; x_wconf 87' lang='lat' dir='ltr'>viele</span> <span class='ocrx_word' id='word_1_429' title='bbox 1237 3969 1285 4025; x_wconf 89' lang='lat' dir='ltr'>be·</span> 
     </span>
     <span class='ocr_line' id='line_1_76' title="bbox 723 4040 1286 4111; baseline 0 -17"><span class='ocrx_word' id='word_1_430' title='bbox 723 4041 888 4096; x_wconf 79' lang='lat' dir='ltr'>reicherten.</span> <span class='ocrx_word' id='word_1_431' title='bbox 913 4073 947 4082; x_wconf 91' lang='lat'><em>-</em></span> <span class='ocrx_word' id='word_1_432' title='bbox 967 4057 1050 4109; x_wconf 82' lang='lat' dir='ltr'>praee</span> <span class='ocrx_word' id='word_1_433' title='bbox 1081 4040 1209 4111; x_wconf 61' lang='lat' dir='ltr'>‘Bfirge&#39;,</span> <span class='ocrx_word' id='word_1_434' title='bbox 1239 4041 1286 4095; x_wconf 80' lang='lat' dir='ltr'>te-</span> 
     </span>
     <span class='ocr_line' id='line_1_77' title="bbox 724 4100 1286 4167; baseline -0.004 -1"><span class='ocrx_word' id='word_1_435' title='bbox 724 4112 839 4167; x_wconf 89' lang='lat' dir='ltr'>sonders</span> <span class='ocrx_word' id='word_1_436' title='bbox 857 4110 905 4167; x_wconf 91' lang='lat' dir='ltr'>bei</span> <span class='ocrx_word' id='word_1_437' title='bbox 917 4100 1098 4166; x_wconf 82' lang='lat' dir='ltr'>llbernahme</span> <span class='ocrx_word' id='word_1_438' title='bbox 1108 4128 1163 4166; x_wconf 81' lang='lat' dir='ltr'>von</span> <span class='ocrx_word' id='word_1_439' title='bbox 1177 4111 1286 4166; x_wconf 84' lang='lat' dir='ltr'>Staats-</span> 
     </span>
     <span class='ocr_line' id='line_1_78' title="bbox 744 4182 1286 4254; baseline -0.004 -16"><span class='ocrx_word' id='word_1_440' title='bbox 744 4183 917 4254; x_wconf 79' lang='lat' dir='ltr'>achtungen3</span> <span class='ocrx_word' id='word_1_441' title='bbox 949 4199 1075 4252; x_wconf 76' lang='lat' dir='ltr'>arauceps</span> <span class='ocrx_word' id='word_1_442' title='bbox 1106 4182 1207 4252; x_wconf 86' lang='lat' dir='ltr'>‘einer,</span> <span class='ocrx_word' id='word_1_443' title='bbox 1236 4183 1286 4237; x_wconf 88' lang='lat' dir='ltr'>der</span> 
     </span>
     <span class='ocr_line' id='line_1_79' title="bbox 722 4202 1285 4324; baseline -0.002 -15"><span class='ocrx_word' id='word_1_444' title='bbox 722 4202 968 4309; x_wconf 62' lang='lat' dir='ltr'>dtaatseinkrtnfte</span> <span class='ocrx_word' id='word_1_445' title='bbox 991 4253 1073 4308; x_wconf 76' lang='lat' dir='ltr'>kaus·</span> <span class='ocrx_word' id='word_1_446' title='bbox 1096 4254 1164 4308; x_wconf 91' lang='lat' dir='ltr'>oder</span> <span class='ocrx_word' id='word_1_447' title='bbox 1185 4253 1285 4324; x_wconf 88' lang='lat' dir='ltr'>pacht·</span> 
     </span>
     <span class='ocr_line' id='line_1_80' title="bbox 723 4323 1285 4383; baseline 0.004 -3"><span class='ocrx_word' id='word_1_448' title='bbox 723 4325 807 4380; x_wconf 80' lang='lat' dir='ltr'>weise</span> <span class='ocrx_word' id='word_1_449' title='bbox 828 4324 1019 4380; x_wconf 80' lang='lat' dir='ltr'>tibemimmt’.</span> <span class='ocrx_word' id='word_1_450' title='bbox 1056 4323 1151 4380; x_wconf 82' lang='lat' dir='ltr'>Dahcr</span> <span class='ocrx_word' id='word_1_451' title='bbox 1168 4325 1285 4383; x_wconf 76' lang='lat' dir='ltr'>Nullius</span> 
     </span>
     <span class='ocr_line' id='line_1_81' title="bbox 723 4394 1284 4468; baseline -0.005 -15"><span class='ocrx_word' id='word_1_452' title='bbox 723 4399 764 4453; x_wconf 83' lang='lat' dir='ltr'>rei</span> <span class='ocrx_word' id='word_1_453' title='bbox 781 4415 867 4468; x_wconf 81' lang='lat' dir='ltr'>aeque</span> <span class='ocrx_word' id='word_1_454' title='bbox 884 4415 951 4452; x_wconf 85' lang='lat' dir='ltr'>usw.</span> <span class='ocrx_word' id='word_1_455' title='bbox 972 4396 1021 4451; x_wconf 79' lang='lat' dir='ltr'>‘Er</span> <span class='ocrx_word' id='word_1_456' title='bbox 1043 4396 1140 4451; x_wconf 83' lang='lat' dir='ltr'>warde</span> <span class='ocrx_word' id='word_1_457' title='bbox 1164 4394 1284 4451; x_wconf 85' lang='lat' dir='ltr'>niemels</span> 
     </span>
    </p>
   </div>
   <div class='ocr_carea' id='block_1_10' title="bbox 1036 4491 1069 4539">
    <p class='ocr_par' dir='ltr' id='par_1_15' title="bbox 1036 4491 1069 4539">
     <span class='ocr_line' id='line_1_82' title="bbox 1036 4491 1069 4539; baseline -0.03 0"><span class='ocrx_word' id='word_1_458' title='bbox 1036 4491 1069 4539; x_wconf 91' lang='lat'>10</span> 
     </span>
    </p>
   </div>
   <div class='ocr_carea' id='block_1_11' title="bbox 0 0 1431 4740">
    <p class='ocr_par' dir='ltr' id='par_1_16' title="bbox 0 0 1431 4740">
     <span class='ocr_line' id='line_1_83' title="bbox 0 0 1431 4740; baseline 0 0"><span class='ocrx_word' id='word_1_459' title='bbox 0 0 1431 4740; x_wconf 95' lang='lat' dir='ltr'> </span> 
     </span>
    </p>
   </div>
  </div>
 </body>
</html>
