2850 4740
446 185 503 240 VII.
531 183 751 240 ALCIBIADES.
790 184 865 239 CAP.
886 193 909 239 6.
931 192 953 239 1,
1243 186 1287 249 45

206 352 235 414 6,
264 348 325 413 Η16
353 370 425 414 curn
453 349 580 412 obviam
608 348 757 412 universa
784 348 897 412 civitas
926 349 958 411 in
984 347 1133 411 Piraeum
1161 347 1287 411 deseen-

117 440 226 523 dissot,
249 441 340 501 tanta
362 437 426 501 1611
448 436 591 500 omnium
615 436 810 520 exspectatio
834 436 958 500 visendi
977 433 1164 519 Alcibiadis,
1187 441 1225 501 ut
1247 436 1288 500 ad

117 529 186 592 eius
209 527 371 591 triremem
395 525 511 610 vulgus
532 525 714 608 conflueret,
736 522 871 609 proinde
889 545 926 588 ac
944 524 971 588 si
991 524 1079 588 solus
1098 524 1286 588 advenisset.

118 616 172 681 Sic
203 616 288 678 enim
320 614 440 698 populo
472 617 542 677 erat
572 634 774 697 persuasum,
806 617 839 676 at
870 613 1018 677 adversas
1048 612 1228 697 superiores
1255 617 1322 676 cta

117 707 301 789 praesentes
328 701 482 766 secundas
509 723 560 765 ras
588 701 741 765 accidisse
768 700 836 764 eius
864 722 968 785 opera.
1014 699 1126 785 ltaque
1155 705 1187 765 et
1210 699 1287 765 Sici-

116 792 179 857 liae
206 791 360 855 amissum
388 788 559 874 imperium
586 793 619 853 et
644 789 968 854 Lacedaemoniorum
997 789 1148 853 victorias
1176 789 1288 874 culpae

118 902 194 944 6666
213 879 408 962 tribuebant,
427 878 513 962 quod
527 877 625 941 talem
638 878 744 942 virum
758 898 775 941 c
789 877 918 941 civitate
933 877 1138 960 expulissent.
1175 877 1288 961 Neque

110 969 152 1031 ¹id
179 968 247 1031 sine
275 988 371 1031 causa
398 965 548 1030 arbitrari
575 965 775 1032 videbantur.
822 965 907 1030 Nam
935 970 1107 1050 postquam
1134 965 1288 1030 exercitui

118 1077 263 1141 praeesse
291 1059 451 1139 coeperat,
483 1076 585 1139 neque
613 1057 699 1118 terra
725 1075 827 1139 neque
855 1055 935 1117 mari
963 1054 1073 1118 hostes
1099 1075 1192 1138 pares
1219 1075 1288 1118 esse

117 1147 297 1229 potuerant.
338 1142 401 1206 Hic
424 1146 462 1206 nt
483 1165 500 1207 6
523 1143 597 1206 navi
621 1164 768 1228 egressus
791 1147 850 1224 est,
872 1164 1055 1226 quanquam
1076 1141 1289 1206 Theramenes
1307 1158 1323 1203 3

118 1238 151 1296 et
168 1231 390 1316 Thrasybulus
414 1231 533 1295 eisdem
556 1231 651 1295 rebus
674 1231 879 1316 praefuerant
902 1231 1061 1314 simulque
1084 1235 1237 1295 venerant
1255 1232 1289 1295 in

118 1320 276 1404 Piraeum,
297 1324 404 1384 tamen
421 1342 522 1383 unum
541 1340 652 1384 omnes
670 1319 762 1384 illum
782 1320 1068 1403 prosequebantur,
1092 1324 1132 1404 et,
1150 1319 1290 1404 idquod

118 1430 282 1493 nunquam
310 1411 403 1472 antea
430 1423 490 1477 usu
515 1413 644 1472 venerat
666 1408 727 1471 nisi
753 1406 920 1491 Olympiae
944 1406 1134 1490 victoribus
1162 1409 1289 1473 coronis

118 1497 236 1562 laureis
260 1496 438 1579 taeniisque
460 1496 558 1582 vulgo
583 1496 769 1561 donabatur.
811 1495 870 1560 1116
892 1496 1062 1561 lacrimans
1081 1496 1179 1560 talam
1197 1497 1290 1561 bene·

118 1586 293 1650 volentiam
321 1585 438 1648 civium
466 1607 598 1653 suorum
625 1585 802 1668 accipiebat
829 1585 1036 1649 reminiscens
1058 1585 1188 1669 pristini
1212 1588 1289 1648 tem·

118 1675 207 1758 poris
230 1673 445 1738 acerbitatem.
491 1673 667 1756 Postquam
691 1674 724 1737 in
747 1680 820 1737 astu
846 1673 940 1757 venit,
963 1673 1112 1737 contione
1135 1673 1324 1738 advocata4

118 1763 165 1826 sic
187 1762 285 1826 verba
307 1761 391 1845 fecit,
414 1766 451 1825 ut
473 1782 567 1825 nemo
590 1766 657 1825 tarn
680 1762 767 1825 ferus
789 1762 896 1843 fuerit,
919 1761 998 1844 quin
1021 1761 1090 1826 eius
1113 1762 1200 1826 casui
1220 1761 1287 1825 illa·

118 1849 264 1915 crimarit
290 1849 518 1933 inimicumque
545 1850 585 1914 iis
614 1870 647 1913 se
675 1850 863 1932 ostenderit,
896 1871 1033 1932 quorum
1061 1872 1157 1934 opera
1184 1851 1290 1934 patria

118 1939 231 2023 pulsus
258 1938 375 2022 fuerat,
402 1938 536 2022 proinde
562 1959 599 2001 ac
622 1938 648 2001 si
673 1937 755 2001 alius
778 1938 931 2022 populna,
958 1960 1023 2003 non
1046 1938 1100 2002 ille
1124 1939 1205 2023 ipse,
1234 1940 1288 2022 qni

119 2031 189 2091 tum
221 2027 331 2110 flebat,
367 2048 440 2090 aum
472 2025 631 2111 sacrilegii
664 2025 854 2090 damnasset.
907 2025 1073 2090 Restituta
1105 2048 1181 2112 ergo
1213 2027 1324 2091 hnica

119 2119 196 2178 sunt
222 2114 350 2198 publice
376 2114 474 2200 bona,
503 2114 668 2198 eidemque
696 2114 745 2179 illi
772 2114 985 2193 Eumolpidae
1013 2115 1194 2180 sacerdotes
1222 2138 1289 2179 rur-

119 2225 174 2266 sus
202 2224 361 2267 resacrare
386 2207 462 2266 sunt
485 2202 600 2286 coacti,
628 2203 683 2286 qui
706 2224 779 2267 eum
803 2204 1009 2287 devoverant,
1036 2203 1184 2287 pilaeque
1207 2203 1290 2287 illae,

119 2291 153 2355 in
177 2291 294 2375 quibus
318 2291 445 2355 devotio
469 2291 575 2355 fuerat
597 2290 730 2375 scripta,
754 2291 787 2354 in
810 2313 898 2356 mare
920 2292 1156 2376 praecipitatae.

210 2379 238 2442 7.
262 2377 350 2443 Haec
372 2376 533 2444 Alcibiadi
558 2378 683 2444 laetitia
705 2401 770 2443 666
793 2379 890 2443 nimis
913 2381 977 2443 fnit
1000 2380 1159 2445 diuturna.
1205 2379 1289 2445 Nam

120 2490 192 2532 cum
216 2468 244 2530 ei
269 2489 378 2531 omnes
402 2472 508 2530 essent
530 2467 668 2532 honoras
692 2468 810 2532 decreti
833 2471 964 2552 totaque
986 2489 1036 2532 res
1055 2467 1187 2553 publica
1204 2468 1290 2533 domi

119 2555 259 2639 bellique
282 2555 410 2640 tradita,
433 2561 470 2619 ut
489 2557 583 2620 unius
602 2556 736 2620 arbitrio
755 2560 927 2641 gereretur,
951 2559 983 2620 61
1002 2557 1069 2640 ipse
1087 2555 1291 2640 postulasset,

120 2648 158 2707 ut
181 2644 243 2707 dno
268 2643 330 2708 sibi
353 2643 494 2728 collegae
517 2644 682 2728 darentur,
704 2643 926 2726 Thrasybulus
950 2649 982 2708 et
1004 2642 1212 2728 Adimantus,
1239 2667 1291 2707 ne-

122 2753 183 2815 que
210 2731 244 2794 id
270 2735 423 2816 negatum
439 2737 547 2797 esset.
575 2732 676 2796 classe
701 2733 734 2796 in
757 2730 870 2796 Asiam
892 2733 1069 2816 profectus,
1097 2731 1184 2815 quod
1206 2732 1292 2816 apud

157 2923 186 2978 a.
210 2921 260 2975 Bai
288 2922 337 2976 dcr
358 2922 512 2976 Heimkehr
538 2939 588 2976 666
616 2923 680 2976 dem
734 2922 816 2991 Olym
836 2920 1291 2977 1666166166111611666161166666

123 2992 189 3046 Krie
211 2993 309 3046 awird
319 2992 409 3047 Aleib.
424 2992 477 3046 mit
489 2993 680 3063 ungeheurcm
733 3010 783 3047 aus
876 2992 965 3064 sigen.
989 3025 1024 3034 -
1046 2995 1153 3048 1666166
1177 2992 1292 3048 dienten

122 3011 209 3118 Jubei
242 3063 410 3133 empfangen
445 3064 503 3117 und
540 3062 595 3117 alle
629 3064 678 3117 Er·
733 3063 781 3117 zur
817 3064 988 3134 Veraierung
1023 3064 1074 3117 der
1103 3064 1220 3118 Kranae.
1253 3095 1289 3104 -

122 3134 261 3203 innerung
275 3150 311 3187 an
326 3134 376 3193 das
390 3133 486 3187 frither
500 3133 679 3189 Geschehene
732 3137 813 3207 culpo
828 3134 1011 3206 ‘allgemcin’,
1029 3134 1056 3188 d.
1070 3135 1098 3189 h.
1112 3134 1230 3202 fiberall,
1250 3150 1292 3188 wo

121 3203 191 3257 wird
210 3203 320 3274 getilgt.
734 3222 764 3260 er
776 3205 969 3273 vortiberkam,
984 3205 1042 3258 und
1054 3221 1105 3259 von
1115 3204 1200 3258 allam
1209 3204 1291 3257 Volk.

159 3282 182 3329 1.
202 3277 299 3330 civitas
319 3274 549 3345 ‘Biirgerschaft’.
769 3282 793 3331 4.
813 3283 876 3331 astu
893 3276 998 3345 grieeh.
1016 3275 1110 3329 Snbst.
1126 3275 1241 3329 ‘Stadt’.
1258 3307 1291 3314 —

158 3351 182 3399 2.
198 3347 244 3400 Sic
255 3352 314 3400 erat
322 3363 486 3414 paratarum
496 3346 604 3400 ‘Davon
615 3389 620 3399 .
633 3390 638 3399 .
650 3347 677 3400 .’.
732 3348 874 3402 inimicum
892 3349 928 3400 iis
948 3346 1089 3400 ‘erbittert
1108 3345 1159 3399 661
1171 3390 1176 3398 .
1193 3389 1198 3398 .
1216 3347 1242 3399 .’.
1258 3377 1292 3385 -

124 3447 158 3456 κ
177 3416 284 3470 Betcne
301 3433 367 3470 aurae
386 3415 472 3469 ‘ihrer
490 3416 629 3487 eigenen’.
645 3449 679 3457 -
731 3419 848 3486 proinde
867 3436 899 3471 uc
916 3412 1032 3484 616616,
1051 3416 1229 3485 Bemerknng
1243 3416 1292 3470 des

121 3494 265 3556 postquam
296 3485 349 3539 mit
379 3487 582 3556 Plusquampf.,
617 3487 681 3540 weil
735 3487 957 3542 Schriftstellers.
978 3519 1011 3527 -
1030 3489 1168 3558 sacrileya'a'
1185 3489 1294 3556 ‘wagan

125 3558 198 3611 auch
233 3557 272 3610 im
308 3557 482 3626 Hauptsatze
519 3559 568 3611 das
603 3557 682 3611 Plus·
735 3558 846 3612 Frevels
865 3575 910 3611 am
928 3557 1079 3628 Heiligen’.

125 3627 247 3696 quampf.
268 3628 352 3694 steht,
372 3621 522 3683 ‘scitdem'.
542 3661 573 3668 -
590 3646 681 3698 pares,
773 3635 796 3682 5.
814 3631 922 3698 publice
941 3629 1006 3682 ‘von
1025 3628 1119 3699 Staats
1139 3628 1256 3698 wegen'.

124 3699 209 3752 nhml.
229 3697 454 3752 Atheniensibus.
775 3701 801 3755 7.
825 3699 878 3753 Mit
900 3699 974 3752 66166
995 3703 1118 3752 renatam
1136 3698 1294 3752 Vertrauen

162 3775 186 3823 3.
219 3770 318 3823 eisdem
348 3771 427 3824 rebus
457 3785 579 3836 pracesse
608 3769 682 3822 ‘das-
739 3771 844 3837 beahrt‚
863 3770 933 3822 wird
952 3718 1041 3823 licia.
1062 3768 1230 3835 anderseits,
1251 3769 1293 3822 616

126 3840 203 3894 salbe
235 3839 410 3894 Kommando
439 3839 619 3893 innehabcn’.
650 3871 682 3879 -
737 3858 767 3894 er
790 3841 833 3894 bei
858 3840 949 3894 einem
973 3840 1181 3893 Unternehmen
1202 3855 1294 3909 gagen

126 3912 156 3964 id
187 3911 260 3979 qaod
292 3911 371 3964 ‘was’
405 3909 517 3964 beziaht
547 3909 605 3963 sich
635 3910 686 3963 auf
737 3912 821 3980 Cyme
849 3911 978 3980 Ungldck
1001 3911 1063 3977 hat,
1090 3910 1212 3963 schnbde
1234 3926 1294 3963 ver-

126 3981 180 4034 den
203 3980 353 4050 folgenden
373 3981 538 4051 Hauptsatc.
558 4012 593 4021 -
611 3998 682 4035 uua·
737 3982 865 4051 dachtigt
899 3982 955 4033 und
988 3982 1078 4034 seiner
1109 3981 1202 4033 Ehren
1234 3983 1294 4034 ent·

126 4069 209 4120 quam
224 4095 228 4104 .
246 4096 251 4105 .
268 4096 272 4103 .
288 4053 345 4106 atsi
358 4050 412 4121 vgl.
423 4053 455 4105 A.
470 4052 500 4105 Β.
511 4051 682 4121 6.-01666-
736 4052 851 4106 kleidet.
897 4051 1021 4104 Deshalb
1056 4049 1238 4104 unternimmt
1264 4067 1295 4104 cr

122 4124 189 4189 pica
211 4123 358 4177 victoribus
375 4122 425 4192 (im
447 4121 493 4190 D.‚
518 4121 572 4175 wie
595 4139 682 4192 urspr.
737 4123 788 4177 661
808 4122 906 4192 eigana
929 4123 1017 4175 Faust
1039 4121 1120 4176 einen
1139 4120 1199 4191 Zug
1221 4122 1294 4175 nach

126 4191 562 4262 imGriech.,einznsammanges.
570 4192 683 4263 Sabat),
737 4193 882 4247 Thracian.

126 4263 210 4316 n‘aml.
240 4263 287 4317 bai
314 4263 404 4317 ihrem
430 4263 592 4318 feierlichen
619 4263 684 4317 Em·
774 4271 797 4317 1.
828 4265 933 4319 tradita
962 4264 1003 4315 ‘in
1031 4262 1106 4315 66166
1134 4262 1218 4315 Hand
1266 4278 1293 4316 e-

127 4332 230 4402 psange
270 4333 301 4387 16
340 4335 389 4387 der
425 4334 596 4388 Vaterstadt.
651 4335 684 4388 16
737 4335 848 4406 gaham,
877 4334 972 4388 indam
999 4332 1059 4386 sein
1082 4332 1199 4385 Einfluss
1224 4281 1293 4385 61166
