2850 4740
416 214 475 270 XV.
504 213 782 276 uPAMmoNDAs„
813 213 888 270 CAP.
909 219 933 269 ὅ.
954 221 977 270 t.
1238 216 1280 280 85

111 376 308 463 eloquentia,
340 397 443 461 neque
474 377 581 441 minus
614 378 787 442 concinnus
820 376 854 440 in
884 377 1042 441 brevitate
1070 376 1280 462 respondendi

112 489 209 550 quam
246 466 280 529 in
315 471 471 550 perpetua
507 466 652 530 oratione
684 470 824 530 ornatus.
878 464 1004 530 Habuit
1034 466 1316 530 obtrectatorem

91 554 322 619 ·Meneclidem
350 555 522 638 quendam,
550 554 690 617 indidem
713 553 846 639 Thebis,
874 558 907 617 et
933 554 1150 618 adversarium
1173 555 1206 618 in
1230 556 1281 618 ad-

52 683 54 687 ·
111 643 325 707 ministranda
348 642 538 727 republica,
561 643 640 706 satis
660 643 869 706 exercitatum
888 643 921 706 in
940 643 1083 728 dicendo,
1105 648 1143 707 ut
1161 643 1281 707 Theba·

111 755 189 796 num
212 730 348 796 scilicet:
371 752 509 814 namque
532 730 581 794 illi
600 731 690 816 genti
707 731 781 815 plus
800 731 883 794 inest
901 731 1019 796 virium
1037 754 1134 815 quarn
1152 732 1281 816 ingenii.

111 819 157 899 ls,
185 820 273 903 quod
298 819 330 882 in
358 841 392 882 re
415 819 549 883 militari
572 819 686 884 florere
709 819 965 904 Epaminondam
988 820 1131 905 videbat,
1158 819 1316 884 hortaris

110 909 236 972 solebat
267 907 451 992 Thebanae,
483 911 521 971 ut
551 929 662 992 pacem
689 908 774 971 bello
803 909 1011 994 anteferrent,
1042 931 1083 972 ne
1110 909 1198 972 illius
1225 910 1281 972 im·

109 997 269 1081 peratoris
293 1018 390 1081 opera
413 995 655 1060 desideraretur.
696 996 782 1060 Huic
804 996 859 1060 ille
880 996 1012 1082 ‘Tallis',
1035 998 1149 1082 inquit,
1173 997 1281 1060 ‘verbo

110 1086 190 1150 civis
213 1090 301 1170 tuos,
329 1085 416 1167 quod
439 1084 499 1149 hos
522 1085 649 1150 abella
673 1106 816 1168 revocas3
844 1085 903 1150 otii
926 1086 1011 1149 enim
1034 1087 1163 1150 nomine
1186 1085 1281 1149 eervi-
1326 1148 1330 1157 ,

110 1178 213 1238 tutem
241 1172 401 1238 concilias.
446 1172 531 1238 Nam
558 1173 684 1257 paritur
709 1196 773 1257 pax
800 1173 894 1238 bello.
940 1172 1053 1258 Itaque
1076 1176 1131 1257 qui
1155 1197 1192 1239 ea
1215 1175 1317 1237 diu-4

110 1263 191 1326 tina'
208 1263 321 1340 volunt
348 1261 427 1345 frui,
454 1261 540 1327 bello
568 1262 734 1326 exercitati
757 1283 826 1326 esse
849 1263 973 1326 debent.
1020 1261 1124 1338 Quare
1147 1263 1174 1327 si
1197 1263 1281 1346 prin-

111 1352 197 1436 cipes
231 1349 381 1414 Graeciae
413 1350 512 1414 vultis
545 1371 626 1436 esse,
663 1351 777 1415 castris
809 1355 858 1414 est
889 1351 982 1419 vobis
1013 1352 1181 1435 utendum,
1217 1373 1281 1415 non

47 1506 48 1510 ,
109 1439 289 1523 palaestra'.
349 1437 439 1502 Idem
475 1439 529 1502 ille
561 1438 754 1503 Meneclides
790 1462 862 1503 cum
899 1439 974 1503 huic
1006 1439 1159 1523 obiceret,
1196 1439 1316 1522 quoda

108 1528 229 1592 liberos
261 1550 326 1592 non
359 1527 493 1591 haberet
523 1549 626 1611 neque
658 1549 791 1592 uxorem
819 1528 975 1612 duxisset,
1008 1529 1209 1611 maximeque
1236 1529 1282 1591 in·
1322 1563 1323 1566 ι

110 1616 294 1700 solentiam,
331 1616 418 1699 quod
454 1616 517 1680 sibi
549 1616 801 1701 Agamemnbnis
837 1616 914 1680 belli
951 1616 1088 1701 gloriam
1120 1617 1282 1688 videretur
1320 1650 1321 1654 =

110 1709 309 1788 consecutus,
332 1703 410 1788 Ἀθ,
428 1704 492 1789 ille,
511 1704 652 1789 ‘desine',
675 1705 790 1789 inquit,
808 1703 1006 1789 ‘Meneclida
1025 1705 1063 1769 de
1083 1726 1183 1769 uxore
1201 1703 1279 1768 mihi

110 1793 316 1878 exprobrare;
348 1815 423 1856 narn
450 1793 572 1857 nullius
600 1793 634 1856 in
660 1793 724 1856 ista
751 1815 785 1857 re
812 1794 919 1858 minus
946 1795 996 1857 uti
1024 1793 1158 1858 consilio
1186 1793 1280 1857 volo'.

110 1880 274 1968 (Habebat
292 1880 377 1945 enim
396 1880 589 1945 Meneclides
608 1882 822 1967 suspicionem
841 1879 1014 1967 adulterii.)
1051 1880 1155 1957 ‘Quod
1173 1885 1315 1946 autema

109 1991 160 2058 me
183 1968 458 2055 Agamemnonem
481 1969 634 2034 aemulari
657 1973 716 2054 put
718 1992 762 2054 as,
784 1969 914 2034 falleris.
959 1969 1108 2054 Namque
1131 1970 1185 2034 ille
1209 1992 1280 2035 curn

109 2054 259 2122 universa
291 2057 425 2122 Graecia
459 2058 530 2122 vix
549 2058 657 2122 decem
689 2059 781 2122 annis
813 2081 910 2122 unam
942 2060 1027 2144 cepit
1058 2058 1184 2143 urbem,
1221 2080 1280 2144 ego

109 2149 221 2210 contra
248 2167 285 2209 ea
312 2169 377 2210 una
403 2146 482 2210 urbe
509 2151 621 2211 nostra
644 2146 758 2231 dieque
780 2169 845 2211 uno
868 2151 972 2211 totam
996 2147 1164 2212 Graeciam
1186 2147 1280 2211 Lace-

109 2235 286 2299 daemoniis
309 2235 430 2320 fugatis
452 2235 607 2301 liberavi?

198 2325 226 2387 6.
263 2321 352 2387 Idem
384 2345 456 2387 curn
489 2323 522 2387 in
555 2327 748 2389 conventum
780 2325 919 2389 venisset
951 2323 1127 2409 Arctdum,
1158 2327 1280 2409 petens,
1294 2341 1334 2380 ιιι

108 2416 145 2475 ut
177 2412 363 2476 societatem
396 2434 468 2506 oum
500 2411 661 2476 Thebanis
694 2417 726 2477 et
753 2411 884 2498 Argivis
918 2414 1072 2498 facerent,
1105 2418 1279 2496 contraque

106 2605 139 2656 ιἰι
158 2603 285 2659 brevitate
302 2604 484 2672 respondendi
503 2603 544 2656 ‘in
562 2604 667 2658 kuraen
721 2605 911 2658 obiceretff-
947 2605 1001 2658 sibi
1037 2605 1173 2659 cideretrw
1210 2605 1280 2658 ‘sich

107 2675 297 2728 Antworten'·
291 2673 449 2746 ,eigentll
683 2674 848 2728 dflnkte'.
863 2676 1079 2743 -Meaeclidq
1096 2674 1225 2730 Vokativ
1245 2707 1280 2717 -

144 2743 259 2797 aruit
291 2717 498 2799 obtrectatorem
533 2742 666 2799 verbinde
719 2747 828 2800 nullius
853 2747 965 2800 cornilio
992 2749 1035 2801 uti
1063 2747 1126 2800 ‘von
1146 2745 1279 2800 niemand

108 2750 343 2870 ι12ι1ι1ιιιιαιιιιιιι
366 2832 490 2868 ιιιιι.-
514 2817 583 2871 satia
605 2816 667 2869 hier
720 2816 777 2869 Βι1
795 2816 963 2870 annehmen’
992 2818 1160 2871 —batetat
1185 2817 1279 2870 ‘stand

109 2884 320 2939 ‘ziemlich’—.
339 2893 371 2940 ut
390 2887 549 2941 Thebanum
566 2887 667 2941 adimet
719 2886 831 2942 im...'.

110 2956 166 3009 ‘fiir
210 2955 292 3010 einen
332 2956 481 3010 Thebaner
520 2956 665 3026 namlich',
755 2964 779 3011 6.
899 2959 968 3010 ‘was
988 2957 1038 3011 das
1058 2957 1185 3028 anlangt,
1204 2957 1277 3012 dals'

108 3027 134 3080 d.
148 3028 175 3080 h.
196 3026 282 3080 soviel
302 3043 330 3080 es
348 3026 395 3081 bei
412 3026 503 3081 einem
517 3027 665 3082 Thebaner
718 3028 786 3082 oder
830 3027 884 3082 loss
909 3028 1022 3082 ‘wenn’.
1040 3060 1076 3068 -
1093 3030 1213 3097 falleris,
1236 3045 1278 3083 re·

25 3130 27 3136 ·
107 3098 235 3151 denkbar
252 3097 351 3152 ist-
318 3099 486 3168 -aamquc
504 3115 571 3152 new.
578 3098 663 3181 ,vgl
718 3097 857 3152 flexiu-
822 3117 931 3153 -cum
949 3101 1080 3154 universa
1095 3100 1214 3154 Graecia
1229 3099 1278 3153 ‘im

108 3168 158 3221 VH
173 3174 215 3238 11,
226 3174 241 3221 3
260 3186 350 3223 omues
367 3170 440 3223 caim
454 3170 562 3224 Boeotii
577 3187 640 3240 urcy
641 3171 665 3224 ia
718 3168 816 3223 Bnnda
838 3169 940 3224 mit..
987 3177 1138 3224 -coatru
1160 3189 1193 3224 ea
1219 3169 1279 3224 ‘-da

106 3212 233 3322 firmitati
251 3242 371 3322 corpores
384 3257 467 3310 quam
480 3241 586 3310 taeenti
600 3257 664 3295 ocu-
719 3241 830 3320 gegen’
853 3271 889 3280 —
911 3241 1137 3295 Lacedaeowaite
1163 3243 1278 3312 saporis,

106 3311 176 3364 ιιιιιι
194 3311 353 3366 intermicant
719 3328 749 3364 ιιι
768 3311 818 3364 der
836 3309 970 3364 Schlacht
994 3310 1040 3364 bei
1058 3311 1194 3380 Leuktra,
1218 3317 1277 3366 371.

143 3386 167 3435 3
186 3382 264 3435 illiue
281 3382 454 3450 imperatoria
471 3398 553 3450 opero
577 3381 665 3435 ‘aeine
754 3383 783 3436 3.
811 3381 856 3434 An
886 3381 953 3435 zwei
983 3381 1088 3435 andern
1121 3381 1205 3452 Beisp
1205 3381 1279 3436 ielen
1388 3420 1391 3425 -

107 3450 192 3504 Thasi
212 3451 273 3505 keit
292 3451 403 3506 alsl'ss.
418 3453 545 3506 -verbo
566 3452 665 3505 ‘durch
718 3451 787 3504 wird
824 3451 947 3522 gezeigt,
979 3451 1104 3506 welchen
1135 3401 1278 3506 Einilrnck

107 3521 157 3574 das
206 3523 270 3590 ort’,
284 3521 408 3576 ntmlich
422 3521 511 3576 durch
525 3523 576 3577 das
591 3523 665 3576 stilae
718 3522 815 3591 llpam
831 3522 919 3576 durch
932 3522 1047 3593 langere
1061 3523 1159 3576 Reden
1167 3524 1278 3578 hervor-

106 3592 189 3646 Wort
216 3565 316 3646 Fribdc
345 3593 413 3646 oder
439 3593 527 3647 Ruhe
570 3593 665 3647 Daher
719 3593 834 3646 zurufen
852 3593 993 3648 imstande
1011 3611 1077 3649 war.

107 3663 184 3716 danu
197 3665 247 3718 otti
260 3665 375 3718 nomine.
391 3692 424 3704 —-
439 3651 516 3718 liber
529 3666 596 3719 civia
609 3664 663 3734 vgl.
755 3671 778 3717 1.
798 3665 875 3718 Idem
893 3682 954 3718 cum
972 3683 1038 3720 usw
1066 3665 1123 3719 Der
1135 3665 1277 3720 Nachaatz

106 3735 138 3787 A
154 3734 185 3789 Β.
206 3731 293 3787 lb.-
309 3736 409 3803 qaod‘
412 3735 504 3788 wenn'
524 3734 620 3788 oder‘
622 3751 665 3789 so·
719 3734 810 3788 dieser
827 3734 872 3788 fiir
888 3751 971 3789 unser
983 3735 1034 3788 Em
1055 3735 1147 3789 finden
1162 3736 1235 3789 aaul
1222 3754 1279 3808 ang

105 3804 186 3858 fera’.
720 3805 931 3886 auagedehnten
949 3754 1066 3860 Perinde
1084 3806 1203 3876 beginnt
1221 3810 1300 3861 eret

141 3882 166 3927 4
191 3876 314 3943 diutina,
338 3875 427 3931 imD
452 3875 512 3929 adv.
539 3875 602 3929 ‘auf
621 3877 667 3930 die
720 3876 773 3929 mit
791 3882 854 3945 53,
877 3893 920 3930 wo
944 3877 1061 3930 deshalb
1084 3877 1135 3930 das
1159 3877 1226 3947 Subj
1230 3878 1278 3931 ekc

105 3945 218 3999 Dauer’.
238 3978 274 3986 -
294 3919 396 4026 (lacre,
421 3946 535 4000 hiermit
556 3947 668 4001 wandet
720 3948 792 4001 idem
819 3920 907 4000 drirch
934 3949 1146 4015 Epaminondas
1175 3948 1279 4002 wieder

107 4032 137 4069 er
160 4017 219 4070 sich
243 4035 279 4070 an
308 4015 353 4070 die
377 4017 591 4071 Thebanerff-
613 4018 664 4085 uti,
719 4017 932 4088 ausgenommen
951 4018 1029 4072 wird.
1062 4017 1113 4071 Bei
1127 4019 1177 4072 der
1190 4008 1277 4073 llber-

105 4087 166 4141 hier
186 4087 257 4141 sich
276 4088 404 4158 abgeben
423 4087 495 4142 mit’.
719 4092 837 4159 semung
846 4105 909 4158 emp
911 4089 989 4143 fiehlt
977 4088 1106 4157 tessioh,
1121 4089 1277 4144 denNaeh-

143 4160 262 4214 tldem
280 4160 327 4239 ille
344 4177 411 4214 usw.
448 4158 505 4212 Der
523 4158 664 4213 Nachsatz
719 4163 778 4214 sata
806 4108 909 4228 (unterp
922 4161 974 4213 We
995 4160 1111 4240 lassung
1136 4178 1190 4213 von
1217 4163 1277 4230 que)

104 4165 224 4309 beginnt
255 4228 307 4283 mit
337 4231 384 4285 ille
414 4231 575 4300 iaquitoe
600 4249 664 4298 ιιοιι,
719 4164 815 4284 achon(
816 4230 862 4284 bei
877 4177 1021 4285 contr-alie
1006 4232 1127 4301 eginnen
1141 4231 1276 4284 zulassen

104 4299 143 4352 im
166 4301 199 4356 D
225 4300 392 4356 ‘keineh—
357 4318 521 4356 —uxorem
544 4302 665 4355 ductat
628 4309 665 4354 set
719 4302 776 4354 und
801 4303 854 4354 den
879 4303 973 4371 eigent
962 4251 1066 4355 tlichgen
1088 4301 1255 4354 Nachsatz
1248 4319 1277 4353 ιιι

106 4372 160 4424 ein
176 4371 320 4426 Wortt-
341 4373 522 4441 insolentiam,
541 4371 663 4424 n'amlich
718 4378 768 4437 §3
801 4372 842 4424 als
874 4373 962 4426 selbot
950 4373 1085 4441 ttndigen
1120 4372 1278 4441 Hauptsatz
