2850 4740
158 166 222 232 128
478 164 575 219 xxm.
602 163 801 240 HANNIBAL.
838 164 915 221 cnr.
934 171 959 220 a.
978 171 1003 219 4.

156 329 300 414 suffecto,
322 328 480 413 equitatui
503 327 592 392 omni
613 327 761 413 praefuit.
802 325 875 393 Hoc
897 349 1025 413 quoqne
1048 328 1218 395 interfecto
1242 350 1330 394 exer-

100 441 142 488 an
157 418 240 483 citus
271 439 430 482 summam
460 416 586 501 imperii
613 416 654 480 ad
681 438 754 480 enm
782 416 905 481 detulit.
955 416 995 483 Id
1022 415 1250 505 Carthaginem
1277 417 1329 482 de·

120 507 259 574 alatum
285 505 412 591 publice
440 505 684 591 comprobatum
711 509 768 570 est.
820 504 873 570 Sic
900 504 1077 591 Hannibal,
1104 506 1210 572 minor
1237 505 1269 571 V
1296 511 1331 572 et

155 595 217 661 XX
248 616 350 659 annos
381 599 477 659 natus
508 594 683 678 imperator
714 595 832 678 factus,
865 594 1014 679 proximo
1046 594 1185 660 triennio
1218 617 1330 660 omnes

102 710 143 754 ne
157 689 269 771 gentes
300 682 477 768 Hispaniae
508 683 593 747 bello
625 683 767 769 subegit3
801 681 995 769 Saguntum,
1026 684 1223 749 foederatam
1254 685 1330 749 civi·

120 777 266 857 etatem,
288 771 322 836 vi
344 771 553 858 expugnavit,
576 775 642 836 tres
665 773 824 836 exercitus
846 773 1004 837 maximos
1027 773 1232 858 comparavit.
1277 773 1331 837 Ex

156 861 208 927 his
239 883 340 925 unum
369 861 403 924 in
430 860 574 925 Africam
600 861 703 946 misit,
735 860 872 925 alterum
899 884 972 925 cnm
999 859 1202 927 Hasdrubale
1229 863 1330 927 fratre

156 951 191 1016 in
204 949 362 1035 Hispania
380 948 519 1034 reliquit,
538 949 671 1014 tertium
689 950 723 1014 in
736 948 865 1015 Italiam
883 971 992 1015 secum
1010 950 1111 1015 duxit.
1145 948 1193 1016 Ut
1210 949 1330 1015 saltum

102 1065 143 1108 na
155 1039 355 1124 Pyrenaeum
386 1039 530 1122 transiit,
562 1059 761 1124 quacumque
793 1037 856 1103 iter
883 1039 973 1124 fecit,
1004 1060 1079 1104 cum
1105 1039 1255 1104 omnibus
1283 1039 1331 1103 in·

119 1145 138 1193 4
157 1127 236 1194 colis
259 1126 418 1212 conflixit3
440 1128 600 1192 neminem
622 1127 685 1192 nisi
704 1128 826 1192 victum
844 1127 975 1192 dimisit.
1016 1127 1069 1192 Ad
1086 1126 1186 1213 Alpes
1204 1132 1330 1213 postea-

157 1238 254 1302 quam
286 1216 386 1303 venit,
422 1237 504 1301 quae
534 1214 664 1281 Italiam
695 1216 736 1281 ab
769 1215 874 1282 Gallia
905 1217 951 1280 sei
1064 1220 1091 1302 t,
1124 1239 1203 1301 quas
1234 1238 1329 1282 nemo

156 1327 299 1390 unquam
335 1327 408 1371 enm
445 1304 586 1370 exercitu
623 1310 697 1370 ante
728 1327 802 1370 enm
833 1309 960 1390 praeter
1024 1305 1164 1370 ereulem
1196 1303 1331 1370 Graium

156 1395 341 1480 transierat,
369 1416 433 1479 qno
460 1393 546 1459 iacto
573 1393 602 1458 is
629 1393 725 1458 hodie
752 1393 855 1459 saltus
878 1391 994 1478 Graius
1019 1394 1214 1480 appellatur,
1240 1393 1331 1479 Alpi-

157 1505 212 1550 cos
234 1487 387 1548 conantes
409 1481 580 1568 prohibere
602 1482 743 1548 transitu
766 1481 915 1568 concidit,
937 1482 1008 1548 loca
1030 1483 1191 1569 patefecit,
1214 1483 1331 1547 itinera

156 1571 287 1656 muniit,
309 1571 424 1657 effecit,
446 1575 484 1636 ut
506 1593 544 1636 ea
566 1570 755 1657 elephantus
779 1569 912 1637 ornatus
935 1571 982 1636 ire
1003 1574 1127 1658 posset,
1151 1594 1214 1657 qua
1236 1576 1331 1636 antea

155 1682 239 1726 unns
268 1659 366 1726 homo
393 1660 526 1726 inermis
552 1659 608 1726 vix
634 1663 762 1746 poterat
788 1681 906 1745 repere.
951 1659 1023 1725 Hae
1049 1660 1159 1746 copias
1186 1660 1332 1726 traduxit

155 1750 189 1814 in
212 1747 404 1834 Italiamque
426 1749 580 1834 pervenit.

244 1838 274 1903 4.
303 1836 499 1903 Conflixerat
525 1837 611 1923 apud
633 1836 828 1903 Rhodtnum
850 1860 924 1903 cnm
945 1837 982 1902 P.
1005 1835 1155 1902 Cornelio
1180 1836 1329 1922 Scipione

100 1953 142 1996 aa
155 1925 285 1993 consule
317 1948 454 2012 eumque
484 1927 660 2012 pepulerat.
713 1925 795 1991 (lum
826 1925 888 1992 hoc
919 1926 1032 1991 eodem
1062 1924 1212 1993 Clastidii
1244 1925 1331 2012 apud

119 2015 279 2084 2Padum
306 2015 448 2080 decernit
470 2016 677 2101 sauciumque
699 2015 774 2081 inde
796 2036 833 2080 ac
855 2015 1005 2102 agarum
1028 2015 1172 2080 dimittit.
1219 2015 1329 2081 Tertio

155 2105 241 2170 idem
264 2103 372 2192 Scipio
400 2127 473 2169 cum
500 2103 624 2190 collega
645 2103 775 2169 Tiberio
797 2099 912 2190 Longo
940 2103 1026 2188 apud
1048 2102 1199 2169 Trebiam
1221 2104 1331 2168 adver-

157 2216 212 2259 sus
239 2214 313 2258 eum
339 2193 436 2259 venit.
488 2191 570 2258 (lum
597 2192 650 2258 his
676 2215 807 2257 manum
834 2193 1010 2279 conseruit,
1041 2196 1196 2278 utrosque
1223 2192 1331 2278 profli-

199 2281 254 2346 vit.
299 2280 378 2347 Inde
400 2303 458 2367 per
479 2281 615 2368 Ligtres
637 2279 844 2367 Apenninum
867 2281 998 2347 transiit
1018 2285 1132 2367 petens
1154 2281 1330 2348 Etruriam.

120 2389 138 2437 e
191 2393 229 2436 oc
260 2371 374 2436 itinere
406 2371 484 2436 adeo
516 2370 607 2456 gravi
634 2370 747 2436 morbo
775 2369 917 2435 afficitur.
943 2370 1123 2455 oculorum,
1154 2375 1192 2435 ut
1218 2375 1332 2456 postea

156 2481 321 2544 nunquam
353 2460 465 2541 dextro
497 2479 597 2545 aeque
629 2459 709 2523 bene
740 2480 818 2525 usus
845 2458 897 2523 sit.
950 2457 1021 2536 Qua
1047 2458 1229 2524 valetudine
1257 2481 1331 2524 cnm

156 2549 327 2614 etiamtum
357 2551 556 2633 premeretur
587 2546 763 2634 lecticaque
789 2548 942 2634 ferretur,
974 2547 1008 2613 O.
1035 2547 1230 2614 Flaminium
1257 2569 1331 2614 con-

156 2704 302 2760 Pradikac.
321 2737 355 2745 -
371 2705 480 2775 publice
493 2707 567 2760 etwa
584 2705 650 2760 ‘von
662 2704 718 2759 den
756 2703 925 2773 ‚Naehaata3
949 2703 1055 2775 Objekt
1076 2722 1112 2760 un
1129 2705 1273 2780 pretabere
1293 2703 1332 2759 ist

156 2776 353 2906 Beptrdquff
366 2853 395 2902 ω
502 2845 524 2901 ‚t
662 2846 681 2900 d
771 2773 1331 2902 'awmimiffginguffi

156 2848 286 2974 aad
306 2864 625 2972 -“a'²'ta¹¹t¹aal¹³.'’
681 2863 718 2901 ⁰³
771 2864 889 2987 {aba
908 2849 1330 2988 laetantum.

193 2996 218 3045 3,
238 3007 326 3059 queen
410 2987 521 3058 ,Adv.;
545 2988 648 3073 ebenso
666 2995 719 3074 §.i
772 3020 806 3030 -
825 2989 1115 3071 mnataafbepack't’.
1140 3059 1146 3070 Ι

156 3059 720 3213 gasawt
771 3058 1331 3213 apaustaulaus

156 3202 297 3327 nupeffihr
332 3217 444 3256 unserm
477 3201 719 3326 “qenqsclpckqu..
771 3200 910 3326 fftthhcbh,
928 3203 1097 3326 grpglawelmes
1114 3199 1331 3272 Augeulerdens‚

213 3317 219 3327 .
326 3315 369 3341 ...,
457 3317 465 3342 ‚
503 3288 531 3326 re
569 3288 596 3326 ei
616 3288 651 3327 en
792 3290 817 3325 n
835 3288 889 3326 nac
1040 3289 1087 3326 ren
1104 3289 1160 3326 vor.

157 3290 308 3399 lativsqatqg
319 3284 456 3399 verbiddd
468 3342 549 3399 imD.
563 3342 617 3398 mit
627 3342 717 3398 ‘und’.
809 3348 833 3397 1.
863 3337 1033 3412 cariacae,
1060 3344 1138 3413 opteri
1164 3343 1332 3398 Rhodanum

158 3415 216 3470 Der
233 3413 331 3470 aweite
348 3415 388 3471 ist
405 3413 719 3484 uthere-'Bestimmung
772 3431 839 3469 usw.
885 3413 966 3468 Nach
998 3413 1105 3468 andern
1138 3412 1330 3468 Nachrichteu
1361 3451 1365 3456 -

158 3505 192 3540 zu
214 3487 313 3556 Alpes,
335 3503 404 3556 quae
425 3487 541 3542 Italiam
563 3486 598 3540 ab
622 3485 719 3541 Gallia
771 3484 887 3539 blieben
908 3483 939 3540 in
957 3484 1076 3555 diesem,
1098 3483 1233 3555 subrigens
1251 3484 1331 3539 nicht

156 3557 312 3629 calmem
336 3588 371 3598 -
392 3573 470 3612 nemo
491 3573 614 3627 sewum
636 3555 717 3610 tiber·
770 3554 1331 3640 bedeutendenlteitergefechtdRomer

159 3631 234 3683 setae
256 3628 330 3683 nach
352 3628 385 3683 A.
403 3628 435 3682 B.
451 3633 475 3682 5.
495 3659 530 3668 -
550 3627 668 3683 Groimn
682 3654 716 3674 ==
771 3625 876 3698 Sieger.
901 3658 937 3692 ·.-
965 3626 1107 3684 fflaattdat:
1141 3627 1192 3680 das
1219 3625 1330 3681 'I'reffen

158 3698 308 3768 Graecum
341 3698 399 3770 dag
434 3714 472 3755 en
496 3699 584 3756 sotto
612 3698 718 3754 Graius
769 3697 866 3752 wurde
883 3695 965 3752 nicht
978 3714 1029 3773 ,am
1044 3699 1083 3754 Po
1101 3715 1136 3752 an
1154 3696 1329 3765 Clastidium,

160 3770 222 3824 ‘der
252 3769 392 3841 grajische
457 3767 524 3824 ald’.
569 3768 638 3823 Dals
670 3768 717 3824 die
770 3769 892 3823 eondern
913 3785 960 3823 am
982 3768 1097 3824 licinus
1120 3767 1204 3839 (jetut
1221 3767 1330 3839 Tecain)

158 3841 339 3914 (grajischen)
371 3839 464 3911 Alpen
494 3839 576 3895 ibren
606 3838 717 3896 Nomen
769 3839 954 3910 gesehlagem
982 3838 1150 3914 Clastidium
1172 3838 1250 3894 ward
1273 3841 1333 3893 erst'

158 3929 222 3967 vom
250 3911 421 3980 „Griechen‘⁴
445 3910 580 3967 Hercules
607 3910 716 3980 hatten,
769 3910 895 3965 nachher
911 3927 936 3964 v.
951 3908 1096 3966 Hannibal
1109 3909 1329 3982 eingenommen.

157 3983 197 4038 ist
226 3981 369 4038 naturlich
399 3981 495 4038 Pabel
540 3982 598 4037 Der
623 3980 718 4036 kleine
808 3987 833 4036 2.
861 3987 988 4053 atrosque
1015 3984 1088 4036 statt
1114 3981 1164 4036 dee
1191 3979 1329 4052 geuthnl.

158 4053 198 4109 St.
223 4053 368 4108 Bernhard
403 4054 474 4108 uber
496 4051 551 4108 den
574 4052 718 4108 Hannibal
771 4054 931 4123 utrumque.
975 4040 1053 4107 Uber
1084 4051 1135 4106 das
1165 4051 1331 4121 Asyndeton

158 4142 219 4196 cog,
233 4098 483 4196 liegtimdebiete
497 4123 719 4207 dergrqjiachen
771 4142 788 4177 v
808 4122 826 4177 l.
850 4123 883 4178 A.
898 4123 929 4178 Β,
945 4121 978 4178 1¹.
1003 4155 1036 4164 -
1056 4140 1108 4193 per
1127 4123 1257 4205 Lipares,
1281 4122 1331 4177 der

158 4196 194 4251 Al
230 4215 258 4252 n.
290 4228 326 4238 -
439 4197 514 4264 fecto
544 4195 606 4250 luer
637 4195 718 4249 ‘wea-
799 4193 1261 4264 amedesVolkes,wow1rden
1280 4193 1330 4247 dec

157 4266 253 4336 hab’;
289 4267 314 4324 ia
347 4213 429 4322 ‘dicos’
472 4265 524 4321 auf
550 4268 638 4348 saltere
668 4266 717 4321 be·
771 4264 881 4321 Laudes
900 4282 935 4319 an
952 4267 1046 4321 semen
1064 4264 1182 4336 pflegen.
1356 4313 1359 4316 .

156 4354 254 4408 aegon.
273 4369 309 4379 -
324 4337 380 4394 llit
400 4311 513 4408 Alpicos
529 4337 650 4408 begmnt
667 4337 718 4392 der
807 4341 832 4391 8.
846 4335 1160 4393 ouktudincamorbo.
1176 4366 1210 4378 -
1227 4335 1329 4404 lectica
