2850 4740
420 206 505 261 xxu
532 155 730 262 mucan.
759 205 844 262 aar.
864 211 888 261 a.
908 212 932 261 a.
951 213 977 261 4.
1036 196 1038 202 '
1221 206 1287 272 125

98 369 224 435 ·0mnia
260 369 378 455 oppida
413 368 607 455 abalienata,
642 369 676 433 in
711 368 764 434 his
794 367 924 435 Uticam
961 372 1057 454 atque
1088 367 1305 454 Hipponem,

106 457 327 524 valentissima
353 458 455 524 totius
482 457 626 545 Africae,
653 457 797 523 restituit
823 457 954 544 patriae.
1007 456 1123 546 Neque¹
1155 479 1192 523 eo
1220 458 1319 526 fuito

106 551 286 633 contentus,
305 547 361 612 sed
379 547 477 612 etiam
495 547 570 612 finis
584 547 712 633 imperii
725 547 930 634 propagavit3
948 549 1019 612 tota
1031 545 1143 611 Africa
1156 551 1283 612 tantum
1299 573 1338 615 aar

107 636 212 790 attium
234 636 382 724 reddidit,
404 640 442 701 ut
464 635 590 702 nullum
612 636 646 701 in
669 657 707 701 ea
729 635 849 700 bellum
871 635 1035 700 videretur
1057 635 1169 700 multis
1193 635 1285 700 annis

156 747 216 791 sse.

197 813 227 880 3.
258 813 368 879 Rebus
400 812 451 878 his
482 834 522 878 ex
550 814 709 880 sententia
727 813 887 902 peractis,
913 813 1027 878 fidenti
1053 813 1161 877 animo
1189 817 1286 898 atque
1300 822 1362 880 asr‘

108 903 227 968 infesto
254 902 424 988 Romanis,
456 923 519 988 quo
547 901 674 968 facilius
702 924 831 967 oausam
859 901 999 967 bellandi
1023 903 1190 987 reperiret,
1213 902 1285 966 effe·

109 992 162 1078 eit,
185 995 223 1055 ut
244 991 420 1076 imperator
442 1013 516 1056 cum
539 991 681 1057 exercitu
703 991 738 1056 in
756 991 946 1077 Hispaniam
968 991 1162 1076 mitteretur,
1184 1011 1286 1076 eoque

108 1103 216 1146 secum
245 1079 338 1145 duxit
363 1080 468 1145 filium
495 1078 711 1145 Hannibalem
738 1101 896 1145 annorum
923 1101 1047 1145 novem.
1093 1079 1175 1144 Erat
1196 1096 1321 1164 prae-2

108 1174 197 1234 terea
223 1190 297 1233 cum
324 1190 362 1235 eo
390 1168 577 1233 adulescens
604 1169 755 1253 illustris,
783 1169 959 1255 formosus,
985 1167 1183 1253 Hasdniba13
1211 1168 1287 1232 huic

107 1258 164 1323 ille
180 1257 282 1332 liliam
300 1279 393 1322 suam
410 1257 445 1322 in
462 1257 704 1323 matrimonium
724 1257 819 1322 dedit.
855 1257 905 1323 De
923 1256 986 1323 hoc
1003 1257 1075 1323 ideo
1089 1257 1287 1323 mentionem
1305 1274 1321 1322 a

109 1345 257 1432 fecimus,
285 1346 372 1432 quod
393 1345 577 1411 Hamilcare
605 1347 709 1412 occiso
738 1346 792 1411 ille
819 1346 974 1412 exercitui
1001 1346 1143 1431 praefuit
1171 1367 1286 1431 resque
1300 1372 1359 1426 aaa,

107 1456 243 1522 magnas
270 1435 385 1521 gessit,
412 1439 446 1501 et
467 1435 615 1521 princeps
638 1435 811 1521 largitione
833 1439 979 1501 vetustos
1001 1435 1159 1521 pervertit
1180 1455 1286 1500 mores

110 1523 440 1610 Carthaginiensium,
462 1524 668 1610 eiusdemque
689 1527 766 1609 post
788 1528 925 1589 mortem
948 1523 1112 1588 Hannibal
1135 1523 1177 1587 ab
1199 1545 1286 1589 exer·

108 1615 179 1679 citu
201 1613 325 1698 accepit
346 1612 525 1698 imperium.

199 1702 229 1766 4.
257 1700 303 1767 At
324 1700 502 1788 Hamilcar,
529 1705 739 1787 posteaquam
761 1723 849 1767 mare
872 1702 1002 1766 transiit
1025 1701 1059 1766 in
1082 1701 1286 1787 Hispaniam·
1301 1726 1339 1768 aar

30 1811 33 1820 ’
109 1812 173 1877 que
199 1791 302 1876 venit,
328 1812 462 1876 magnas
488 1813 540 1856 res
567 1791 706 1855 secunda
728 1791 830 1876 gessit
853 1791 995 1877 fortuna3
1018 1789 1174 1855 maximas
1197 1789 1287 1854 belli·

110 1880 356 1964 cosissimasque
380 1884 492 1965 gentes
515 1879 657 1966 subegit3
680 1881 781 1964 equis,
799 1879 906 1964 armis,
924 1880 1013 1964 viris,
1030 1879 1167 1964 pecunia
1184 1882 1287 1943 totam

110 1967 321 2053 locupletavit
342 1966 494 2033 Africam
544 1967 607 2033 Hie
634 1991 708 2034 cum
731 1968 765 2033 in
787 1967 916 2033 Italiam
939 1968 1059 2033 bellum
1083 1968 1201 2032 inferre
1224 1985 1322 2032 mea

110 2056 277 2143 ditaretur,
294 2077 494 2143 nonopanno,
509 2061 682 2142 postquam
700 2057 735 2122 in
748 2056 940 2142 Hispaniam
958 2060 1098 2142 venerat,
1116 2056 1150 2120 in
1163 2055 1287 2141 proelio

110 2168 258 2232 pugnans
295 2145 447 2211 adversus
482 2144 640 2210 Vettones
677 2147 801 2212 occisus
837 2151 894 2210 est.
953 2144 1060 2211 Huius
1095 2149 1323 2230 perpetuumu

112 2235 221 2299 odium
258 2255 335 2320 erga
370 2234 534 2300 Romanos
569 2235 709 2300 maxime
745 2235 922 2300 concitasse
953 2234 1081 2299 videtur
1112 2233 1288 2299 secundum

111 2324 232 2389 bellum
261 2322 451 2388 Poenicum.
513 2322 662 2409 Namque
694 2323 871 2408 Hannibal,
907 2324 994 2387 filius
1031 2323 1113 2409 eius,
1150 2323 1288 2387 assiduis

111 2412 213 2497 patris
241 2412 513 2477 obtestationibus
540 2434 578 2476 eo
606 2417 656 2477 est
676 2412 863 2502 perductus,
890 2417 928 2476 ut
950 2413 1082 2478 interire
1106 2434 1202 2497 quam
1225 2411 1288 2476 Ro·

111 2522 225 2566 manos
247 2523 312 2566 non
336 2501 474 2585 experiri
497 2501 616 2566 mallet.
1155 2499 1159 2507 ’

149 2698 172 2748 5.
183 2694 279 2800 Nupta
290 2693 376 2747 ‘liber
386 2737 392 2748 .
404 2735 410 2748 .
421 2737 427 2748 .
437 2691 537 2748 nicht'.
549 2725 583 2734 —
592 2694 671 2761 fiais:
726 2695 808 2763 arata,
827 2692 878 2748 der
892 2737 898 2749 .
910 2737 916 2749 .
928 2694 956 2750 .'.
971 2725 1006 2735 -
1020 2693 1133 2765 largitio
1148 2691 1211 2746 hier
1226 2692 1289 2748 ‘Be-

112 2763 145 2819 A.
168 2764 200 2819 Β.
225 2771 264 2818 1.
293 2796 327 2804 -
355 2765 476 2820 reddidit
502 2762 589 2819 soviel
618 2763 672 2818 wie
726 2764 884 2846 stechung’.

113 2833 249 2905 restituit;
289 2834 423 2906 iibrigens
459 2833 497 2888 ist
532 2835 580 2889 bei
615 2842 672 2891 tota
762 2833 792 2892 4.
810 2834 875 2889 Wre
893 2834 974 2890 Ham.
1001 2834 1031 2889 in
1050 2833 1173 2906 Spanien
1190 2833 1235 2889 bis
1253 2853 1288 2888 zu

113 2905 215 2974 Africo
250 2905 391 2960 natdrlich
427 2904 508 2962 nicht
544 2922 580 2962 an
617 2906 672 2961 den
727 2905 833 2960 seinem
865 2905 942 2960 Tode
974 2904 1074 2959 wirkte
1106 2906 1165 2959 und
1200 2906 1289 2960 durch

113 2993 222 3050 gaunon
235 2975 344 3031 Hrdteil
358 2994 392 3030 zu
406 2976 524 3031 deuken.
535 3009 570 3018 -
579 2979 673 3033 maltis
726 2976 824 3031 seinen
837 2976 1002 3030 Romarhal's
1017 2977 1072 3030 deu
1084 2977 1118 3031 11.
1133 2975 1289 3046 punischen

112 3049 204 3117 canu,
231 3047 287 3104 abl.
311 3050 395 3118 temp.
422 3047 474 3102 auf
496 3047 542 3102 dia
569 3048 672 3130 Fragor
726 3047 814 3119 Krieg
831 3047 1030 3102 herbeifdhrte.

43 3158 46 3163 «
112 3121 167 3173 seit
192 3118 260 3174 oder
285 3119 420 3173 wthrand
447 3118 568 3173 walchen
594 3119 673 3175 Zeit?
765 3125 788 3174 1.
807 3119 875 3174 viria
897 3117 1169 3190 (‘Mannschaften'),
1192 3117 1288 3172 indam

148 3190 178 3247 8.
196 3189 277 3244 Ham.
299 3189 368 3260 geht
385 3188 439 3245 mit
456 3189 562 3244 aeinem
581 3189 673 3245 Sohne
727 3206 758 3245 er
767 3189 813 3243 dia
823 3189 1045 3244 unterworfenen
1054 3189 1160 3244 Volker
1168 3188 1288 3313 notipte

112 3260 257 3315 Hannibal
275 3261 334 3314 und
351 3259 405 3315 mit
421 3260 582 3315 Hasdrubal
599 3261 674 3315 nach
729 3261 784 3325 dan
797 3260 976 3331 Karthagern
985 3260 1117 3331 Truppen
1130 3278 1165 3314 zu
1177 3259 1232 3315 atel
1244 3276 1287 3315 en.

113 3331 248 3402 Spaniam
267 3331 397 3386 letaterer
414 3331 486 3385 wird
504 3330 565 3387 sein
580 3331 673 3388 Nach-
763 3338 787 3387 2.
807 3333 839 3387 ia
856 3332 971 3387 Italiam
988 3332 1086 3388 delium
1104 3333 1206 3400 inferre
1222 3332 1288 3385 ‘den

113 3403 203 3474 folger
220 3402 260 3457 im
277 3402 461 3458 Kommando.
658 3398 662 3410 “
727 3403 814 3473 Kriag
838 3403 913 3457 nach
934 3402 1034 3458 Italien
1058 3402 1202 3473 verlegen‚
1226 3401 1288 3456 hin-

149 3481 172 3529 1.
193 3491 227 3529 ea
249 3475 384 3529 amteatia
407 3474 491 3527 ‘nach
508 3472 672 3528 Wunache’.
727 3473 925 3545 ubenpialen’.

113 3576 147 3586 -
165 3547 304 3615 qao=ut
322 3561 368 3614 θος
392 3545 525 3613 bellandi,
547 3544 672 3599 ntmlich
761 3552 786 3600 3.
805 3546 927 3601 maidaia
941 3547 1034 3615 patria
1052 3545 1287 3600 obtestationibus:

113 3633 176 3670 curn
185 3614 671 3686 Romania-imperatorverbinde
726 3614 1288 3686 GenauerasdaruberbringtdieLebens-

98 3687 202 3742 -durch
225 3686 290 3741 ‘ala’
319 3686 373 3740 mit
399 3687 463 3742 dam
485 3685 612 3756 Subjeirt.
637 3718 671 3728 -
724 3686 1286 3758 beachreibungflannibalsnap.s‚s-a

60 3823 61 3826 Ἴ
112 3756 672 3827 ameoramaooemwirdimD.Adjektiv
726 3789 760 3798 -
783 3759 903 3828 esuriri
925 3759 1043 3828 aliquem
1065 3759 1106 3812 ‘es
1125 3757 1178 3812 mit
1196 3757 1288 3812 sinam

112 3847 146 3884 au
165 3829 262 3897 fitium.
538 3887 540 3891 ,
725 3829 897 3898 versuchan’‚
930 3828 956 3885 d.
989 3828 1007 3883 i.
1042 3827 1115 3892 ‘sich
1145 3827 1200 3883 mit
1228 3827 1287 3882 ilum

148 3905 172 3954 3.
190 3902 318 3970 princeps
331 3899 478 3970 (pendit)
496 3900 538 3955 ‘er
551 3916 609 3954 war
622 3899 672 3954 dar
726 3901 855 3955 mesaeu’.
