2850 4740
308 233 394 288 XXV.
423 233 454 289 T.
473 231 684 290 POMPONIUS
702 232 863 289 Ambus.
899 231 977 310 CAP.
997 238 1021 287 9.
1043 239 1083 288 10.
1221 235 1285 299 149

106 398 195 462 uiam
222 397 372 462 omnibus
399 397 495 460 rebus
523 396 661 480 spoliare
689 396 874 481 cupiebant,
902 396 1022 461 liberos
1046 395 1144 460 etiam
1166 399 1284 462 exstin-

109 508 207 572 guere
238 486 403 571 parabant.
459 483 601 570 Atticus,
633 506 706 549 cum
733 484 897 550 Ciceronis
924 485 1040 566 intima
1066 485 1319 552 familiaritates

109 577 269 660 uteretur,
296 574 510 639 amicissimus
538 578 622 639 esset
648 572 763 658 Bruto,
793 595 859 638 non
882 574 978 638 modo
1002 573 1085 638 nihil
1107 573 1159 638 his
1182 574 1284 639 indul-

110 665 154 728 sit
185 662 433 728 ad'Antonium
465 662 665 747 violandum,
697 662 753 727 sed
780 686 797 727 e
825 664 986 727 contrario
1014 662 1189 728 familiares
1216 664 1284 729 eius

108 776 147 817 ex
184 752 262 817 urbe
298 752 533 837 profugientes,
570 756 726 836 quantum
758 752 879 836 potuit,
911 751 1007 834 texit,
1040 751 1157 835 quibus
1189 753 1285 817 rebus

109 841 331 926 indiguerunt,
358 840 490 905 adiuvit.
543 840 579 906 P.
601 862 678 905 vero
701 839 876 905 Volumnio
905 862 942 905 ea
969 840 1098 926 tribuit,
1125 845 1162 905 ut
1191 841 1320 925 plura4

109 952 128 994 a
155 934 288 1014 parente
315 930 476 1013 proficisci
504 931 569 993 non
596 929 768 1014 potuerint.
821 927 889 1013 Ipsi
912 934 1020 994 autem
1042 927 1188 1014 Fuluiae,
1212 952 1284 995 cum

109 1019 223 1082 litibus
247 1019 454 1083 distineretur
477 1018 666 1103 magnisque
688 1017 867 1083 terroribus
889 1023 1072 1104 vexaretur,
1100 1023 1193 1083 tanta
1216 1019 1284 1082 dili-

109 1108 220 1192 gentia
253 1107 397 1171 officium
428 1129 520 1173 suum
548 1107 724 1190 praestitit,
750 1111 788 1170 ut
815 1105 941 1171 nullum
968 1107 1026 1171 illa
1052 1107 1172 1172 stiterit
1199 1108 1284 1172 vadi-

108 1196 254 1260 monium
287 1195 355 1260 sine
386 1194 512 1281 Attico,
544 1196 672 1260 Atticus
705 1217 841 1279 sponsor
872 1196 1016 1260 omnium
1043 1219 1151 1260 rerum
1179 1197 1284 1262 fuerit.

110 1284 196 1360 Quin
219 1285 326 1368 etiam,
348 1307 421 1348 cum
444 1283 501 1348 illa
524 1284 659 1348 fundum
682 1285 820 1349 secunda
842 1285 973 1348 fortuna
995 1285 1125 1349 emisset
1147 1285 1180 1349 in
1200 1285 1284 1350 diem
1303 1302 1319 1351 5

108 1395 212 1458 neque
235 1377 310 1458 post
328 1373 544 1438 calamitatem
562 1394 726 1437 versuram
745 1374 848 1437 iacere
867 1374 1035 1457 potuisset,
1054 1373 1108 1437 ille
1133 1397 1166 1438 se
1189 1375 1285 1439 inter-

109 1463 219 1546 posuit
246 1462 478 1546 pecuniamque
502 1463 570 1526 sine
594 1463 722 1526 faenore
745 1462 877 1546 sineque
900 1461 967 1526 ulla
990 1462 1198 1546 stipulatione
1221 1485 1285 1528 cre·

109 1551 205 1635 didit,
242 1551 419 1615 maximum
456 1551 643 1624 existimans
681 1556 848 1635 quaestum
886 1573 1061 1616 memorem
1093 1556 1285 1636 gratumque

109 1640 260 1724 cognosci
292 1639 453 1723 simulque
485 1661 637 1724 apparere
672 1661 705 1703 ae
733 1661 798 1703 non
826 1641 988 1723 fortunae,
1016 1640 1072 1704 sed
1099 1640 1284 1704 hominibus

110 1727 212 1792 solere
241 1750 309 1792 esse
338 1728 485 1793 amicum.
539 1728 626 1805 Quae
650 1751 722 1792 cum
746 1728 893 1812 faciebat,
916 1751 1010 1793 nemo
1034 1752 1106 1793 eum
1129 1731 1284 1813 temporis
1304 1747 1320 1796 6

110 1839 206 1881 causa
237 1817 341 1881 facere
373 1821 500 1901 poterat
534 1818 730 1882 existimare:
762 1817 882 1881 nemini
916 1817 1001 1881 enim
1033 1819 1066 1881 in
1100 1818 1284 1902 opinionem

109 1906 259 1970 veniebat
286 1904 466 1970 Antonium
494 1929 600 1971 rerum
627 1906 815 1989 potiturum.
867 1904 929 1969 Sed
957 1906 1076 1970 sensim
1104 1907 1132 1970 is
1160 1930 1178 1970 a
1208 1926 1319 1973 non-7

110 1994 210 2058 nullis
239 1994 450 2078 optimatibus
474 1995 778 2079 reprehendebatur,
806 1995 893 2078 quod
915 2017 1029 2078 parum
1053 1995 1158 2060 odisse
1182 1997 1285 2060 malos
1398 2048 1403 2061 ,

111 2084 197 2147 cives
220 2084 391 2147 videretur.
437 2082 497 2147 Ille
520 2088 637 2168 autem,
660 2084 711 2147 sui
734 2083 859 2167 iudicii,
882 2084 1001 2167 potius,
1024 2084 1102 2169 quid
1126 2106 1159 2148 se
1182 2086 1285 2150 facere

112 2194 171 2255 par
195 2176 288 2255 esset,
312 2172 506 2256 intuebatur,
530 2195 626 2257 quam
650 2171 728 2256 quid
752 2171 806 2236 alii
830 2173 991 2237 laudaturi
1015 2174 1129 2238 forent.

203 2261 252 2324 10.
276 2259 438 2325 Conversa
466 2261 573 2325 subito
602 2262 732 2325 fortuna
760 2266 816 2325 est.
862 2260 909 2326 Ut
936 2259 1100 2326 Antonius
1128 2261 1224 2326 rediit
1251 2262 1283 2326 in

108 2347 248 2434 Italiam,
269 2371 364 2413 nemo
388 2371 453 2414 non
476 2371 593 2436 magno
617 2351 651 2414 in
674 2350 816 2434 periculo
835 2348 982 2414 Atticum
1005 2354 1136 2435 putarat
1153 2355 1285 2435 propter

144 2565 168 2611 3.
193 2575 266 2628 eum,
294 2558 447 2613 konzessiv.
496 2559 588 2614 Cicero
613 2575 672 2612 war
727 2559 790 2613 ‘aus
815 2559 896 2614 einen
923 2558 1103 2613 bestimmten
1130 2560 1284 2631 Zahlungs-

108 2630 187 2683 einer
214 2629 264 2683 der
292 2628 447 2700 heftigsten
478 2628 594 2701 degner-
622 2630 670 2684 des
728 2629 1046 2685 termin².-memorem
1059 2631 1285 2702 (‘erlrenntlich’)
1339 2672 1342 2679 .

107 2699 256 2755 Antonius.
276 2733 309 2741 -
329 2701 518 2770 amicissimas,
536 2701 606 2755 fiber
620 2701 671 2755 das
724 2707 885 2771 pratumpte
911 2703 1041 2772 eoqnoaei.
1087 2702 1207 2757 Atticus·
1227 2720 1286 2757 war

107 2770 273 2840 Asyndeton
288 2790 309 2826 a.
324 2773 356 2825 A.
368 2771 397 2825 B.
410 2771 443 2826 1¹.
467 2772 671 2831 Ilbensonaoh-
725 2772 818 2826 weder
846 2772 895 2826 d'er
915 2771 1015 2826 Fulvia
1038 2773 1111 2826 noch
1139 2774 1203 2828 dem
1228 2773 1284 2827 An—

106 2842 158 2896 her
185 2843 272 2896 texit.
289 2887 294 2896 .
311 2843 447 2898 udiewit.
472 2875 505 2884 -
531 2844 607 2911 nibil
628 2844 672 2897 bia
725 2842 819 2896 tonius
834 2860 887 2896 von
901 2843 997 2897 frdher
1010 2844 1061 2897 her
1074 2843 1103 2896 in
1119 2844 1182 2898 dem
1192 2845 1285 2899 Grada

106 2913 226 2967 indulsit
237 2912 339 2982 ‘zcigte
352 2912 413 2967 sich
427 2913 672 2968 dieseninlreiner
725 2912 908 2984 verpflichtet,
928 2914 990 2968 dala
1008 2914 1068 2968 sich
1091 2913 1179 2969 allein
1197 2915 1286 2970 daher

106 2982 202 3037 Weiae
220 2982 395 3065 willfchrig’.
415 3016 450 3025 —
468 2985 568 3056 quibos
590 2987 669 3040 retus
724 2983 784 3039 sein
816 2983 971 3059 damaliges
1003 2985 1163 3060 Benehmffl
1193 3003 1228 3058 ge
1250 3003 1285 3044 en

107 3053 193 3108 =eis
211 3055 304 3123 rebus,
323 3055 433 3123 qmbus.
723 3055 810 3109 laute
837 3073 891 3110 von
915 3072 945 3109 so
971 3056 1191 3111 verwerssichem
1214 3006 1284 3112 Cla-

142 3132 168 3179 4.
188 3127 221 3180 P.
242 3126 405 3181 Volumnius
417 3125 596 3197 Eutrapelus,
615 3143 669 3180 we·
723 3126 819 3180 rakter
838 3125 967 3182 erklbren
980 3126 1068 3182 lielse.
1102 3126 1181 3182 Ohrie
1199 3128 1284 3182 Zwei-

106 3213 163 3322 qeen
182 3194 272 3321 salines
290 3195 398 3279 Witaes
417 3197 593 3322 qqdbquiner
610 3197 669 3323 hqq-
723 3197 762 3320 gel
785 3197 957 3323 bestinqqrted
969 3197 1177 3323 ihnkvielrnehdr
1197 3198 1284 3323 quge

137 3285 170 3320 m
230 3283 303 3322 aune
340 3284 387 3322 ern
456 3284 471 3322 e
518 3286 568 3339 ,gs
588 3285 634 3323 ese
657 3299 669 3310 -
750 3284 874 3322 oraussrc
959 3286 989 3323 er
1042 3286 1150 3323 ommen
1172 3286 1207 3324 en
1258 3289 1284 3324 r-

106 3337 231 3394 achafter
255 3338 305 3392 des
328 3337 482 3408 Antonius,
514 3339 554 3393 im
606 3355 669 3394 eera
723 3338 749 3393 ei
789 3339 852 3409 issa,
871 3339 925 3394 wie
944 3341 1008 3394 sehr
1026 3340 1086 3395 dies
1105 3342 1187 3395 auch·
1200 3341 1234 3396 N.
1254 3341 1283 3395 in

107 3408 324 3463 desselbenwar
337 3408 669 3482 erpraefectusfabrum,
724 3409 835 3465 Arede
855 3410 941 3465 stelit.
1221 3433 1223 3436 ’

107 3496 127 3535 s.
149 3486 191 3548 12,
214 3486 240 3534 4.
259 3510 294 3520 ——
318 3498 351 3535 ea
375 3483 417 3536 ‘so
440 3480 515 3536 viel’.
534 3512 569 3522 -
584 3482 669 3551 profi·
761 3487 785 3535 6.
809 3488 912 3550 mapsa
934 3480 997 3536 hier
1020 3481 1077 3537 ‘die
1100 3482 1284 3538 Zeitvarhalt-

106 3552 173 3606 eieci
191 3551 354 3621 ‘surgebam
374 3550 669 3608 zufliessan'.-diati-
722 3551 807 3622 nisse,
826 3551 872 3606 die
890 3552 970 3624 polit.
989 3553 1012 3606 L
1069 3554 1087 3607 ’.

106 3639 169 3677 mre
186 3620 250 3675 hier
264 3621 305 3676 ‘in
318 3623 466 3694 Anapi-nah
479 3623 619 3679 nahmen'.
634 3655 669 3663 -
760 3629 784 3677 7.
802 3624 849 3678 sai
865 3625 974 3693 indicii,
997 3641 1040 3679 wo
1061 3624 1088 3679 ei
1110 3625 1156 3680 aui
1178 3643 1212 3679 za
1234 3626 1287 3681 ba*

106 3691 203 3747 Unter‘
232 3694 380 3749 amentur
420 3695 472 3748 hat
509 3711 576 3748 man
612 3694 669 3748 An-
723 3695 816 3763 tonen,
836 3695 936 3764 gehort
954 3695 996 3749 als
1019 3698 1111 3766 genet.
1131 3696 1230 3766 qualit.
1249 3700 1283 3750 ιιι·

107 3763 274 3834 drohungen
293 3763 364 3819 aller
386 3765 439 3819 Art
456 3783 491 3818 au
513 3765 667 3820 verstehen.
722 3765 776 3832 ille,
801 3766 842 3819 ‘er
865 3765 934 3820 aber
961 3765 1003 3820 als
1032 3765 1077 3820 ein
1100 3766 1188 3821 Manu
1210 3767 1284 3822 selb-

105 3865 141 3875 -
169 3835 356 3899 oadimoraam
382 3837 475 3892 aiatm
504 3835 669 3890 bezeichnet
721 3836 873 3907 standigen
900 3836 1024 3891 Urteila'.
1048 3869 1083 3877 -
1103 3840 1198 3906 potius
1224 3855 1283 3893 ver-

107 3904 154 3960 die
172 3905 329 3988 Einlosung
350 3905 401 3962 des
423 3906 667 3978 Bflrgschaftsver-
721 3905 808 3962 binde
826 3906 880 3962 mit
896 3908 1061 3963 intuebatur.

107 3976 524 4046 stechens‚·m1ttelatdeasen
540 3977 600 4032 sich
618 3977 668 4032 dar
758 3978 806 4033 10.
834 3977 885 4032 Als
912 3996 970 4032 nun
992 3977 1132 4040 Antonius
1161 3979 1207 4034 die
1230 3978 1282 4034 Ge-

130 4046 668 4130 elrlagteverpfliahtenmulste,pdnkt
720 4048 789 4103 walt
806 4048 837 4102 in
855 4048 901 4103 die
920 4048 1020 4104 Hdnde
1038 4048 1149 4118 belam,
1170 4050 1235 4105 liess
1253 4067 1283 4106 er

106 4117 164 4172 lich
187 4136 250 4173 zum
273 4122 456 4190 angeaetzten
477 4118 606 4174 Termrne
629 4119 667 4174 da
720 4122 793 4173 trota
808 4118 898 4174 seiner
911 4119 1096 4193 Erbittarung
1108 4137 1204 4203 gagen
1217 4121 1282 4193 alle,

106 4206 141 4243 au
155 4189 228 4259 sein3
243 4188 332 4245 daher
345 4191 405 4246 ‘vor
419 4189 535 4246 Ger-ioht
548 4190 666 4246 erachei-
720 4190 767 4245 die
786 4209 819 4245 zu
838 4190 933 4246 Cicero
952 4190 1071 4261 hielten‚
1095 4191 1208 4248 Attrcus
1231 4205 1295 4248 aas·

104 4261 181 4315 nen'.
720 4261 917 4317 Dankbarkeit
936 4262 1121 4334 unbehelligt.

141 4337 166 4386 t.
192 4332 313 4389 reconda
333 4332 461 4402 fortuna,
488 4331 545 4387 abl.
569 4331 666 4399 absol,
758 4339 781 4387 1.
811 4333 946 4401 Oenomao
976 4341 1027 4390 eat:
1058 4332 1104 4388 die
1131 4333 1283 4405 Wandung

106 4402 168 4456 aur
181 4401 331 4458 aalma
345 4401 487 4459 orreum.
502 4435 536 4445 -
550 4404 582 4457 a
596 4404 667 4458 aaa
720 4388 1283 4468 mesuraaennasdrunaa‘mumn.
