2850 4740
429 215 526 270 xvni.
555 213 736 297 nunnuas.
774 211 850 268 err.
871 218 894 267 ι.
914 219 938 266 s.
1208 210 1280 279 ,107

108 382 162 441 tur
198 381 295 461 atque
327 376 373 440 ibi
406 377 443 440 de
476 375 571 440 rebus
604 375 846 459 deliberaretur,
884 373 1119 460 quodammado
1151 372 1281 457 latebat,

105 487 181 530 cum
203 469 312 530 tamen
333 487 391 550 per
413 487 487 529 eum
508 487 609 528 unum
632 467 819 548 gererentur
842 463 956 526 omnia.

193 551 226 617 ι8.
258 552 322 618 Hic
353 554 387 618 in
414 552 597 617 Paraetacis
629 574 702 617 cum
729 551 894 637 Antigono
927 551 1086 633 conflixit,
1118 571 1182 613 nen
1215 550 1282 613 acie

106 642 277 728 instructa,
309 641 365 706 sed
393 643 426 706 in
453 641 581 726 itinere,
613 661 750 725 eumque
776 639 860 704 male
887 643 1052 725 acceptum
1081 639 1114 702 in
1142 637 1281 702 Mediam
1296 664 1335 704 are

107 730 214 816 coegit
240 730 360 795 redire.
415 728 488 814 Ipse
524 729 557 793 in
594 729 734 793 finitima
771 729 901 814 regione
932 726 1074 791 Persidis
1106 725 1283 790 hiematum
1312 794 1315 805 ,

103 819 216 903 copias
246 819 369 904 divisit,
396 840 462 883 non
489 823 527 882 ut
553 816 670 903 voluit,
697 817 754 881 sed
781 822 818 881 ut
845 817 986 880 militurn
1013 816 1150 900 cogebat
1173 814 1268 879 volun

107 911 166 971 tas.
224 906 374 992 Namque
410 906 467 970 illa
503 906 643 991 phalanx
680 905 853 970 Alexandri
891 905 1016 990 Magni,
1053 925 1134 988 quae
1170 902 1317 967 Asiama

106 1001 295 1082 peragrarat
330 996 552 1080 deviceratque
583 993 715 1077 Persas,
748 995 926 1058 inveterata
962 1015 1034 1058 eum
1072 992 1176 1078 gloria
1212 995 1281 1055 tum

107 1084 205 1148 etiam
236 1084 367 1149 lieentia
398 1104 463 1148 non
489 1104 601 1168 parere
629 1104 663 1147 se
691 1082 839 1167 (lucibus,
874 1082 931 1146 sed
956 1082 1114 1165 impemre
1141 1080 1281 1164 postula·
1335 1094 1337 1098 ‘
1393 1096 1397 1104 '

107 1173 176 1258 bat,
208 1178 246 1237 ut
276 1194 361 1237 nunc
392 1171 536 1236 veterani
567 1172 691 1236 faciunt
717 1172 828 1235 nostri.
878 1169 992 1254 Itaque
1018 1169 1198 1255 periculum
1225 1175 1283 1252 est,

107 1282 146 1324 ne
183 1260 316 1344 faciant,
356 1261 441 1346 qued
477 1260 526 1324 illi
557 1261 716 1344 feceruut,
752 1281 810 1323 sua
842 1259 1089 1343 intemperantia
1120 1258 1282 1342 nimiaque

105 1349 237 1413 lieentia
272 1354 310 1414 ut
346 1349 453 1414 omnia
488 1349 637 1434 perdant,
674 1369 776 1433 neque
814 1349 920 1412 minus
953 1369 1021 1431 eos,
1059 1369 1131 1411 cum
1166 1347 1283 1430 quibus

106 1438 268 1523 steterint,
297 1459 396 1523 quanr
420 1437 572 1501 adversus
596 1458 677 1521 quos
698 1437 840 1500 fecerint.
888 1434 981 1512 Quod
1004 1436 1031 1499 si
1056 1437 1128 1520 quis
1151 1435 1316 1500 illomme

106 1529 329 1590 veteranorum
361 1526 449 1612 legat
479 1525 578 1610 faeta,
610 1525 701 1610 paria
732 1524 847 1590 horum
880 1528 1055 1611 cognoscat
1081 1545 1183 1607 neque
1212 1545 1278 1587 rem

106 1615 206 1680 ullam
239 1614 301 1678 nisi
333 1620 460 1699 tempus
493 1615 647 1678 interesse
679 1613 805 1678 iudicet.
857 1611 932 1678 Sed.
952 1613 993 1676 ad
1025 1611 1099 1676 illes
1133 1614 1280 1676 revertar.

105 1702 251 1767 Hiberna
288 1709 492 1789 sumpserant
528 1724 591 1767 nen
629 1703 670 1767 ad
708 1721 798 1766 risum
838 1702 927 1785 belli,
969 1701 1024 1764 sed
1061 1700 1100 1764 ad
1139 1701 1282 1785 ipsorum

106 1791 265 1855 luxuriam
293 1791 452 1877 longeque
475 1792 560 1855 inter
583 1813 617 1855 se
641 1791 859 1856 discesserant.
905 1789 977 1854 Hoc
1000 1787 1185 1874 Antigenus
1209 1806 1317 1854 eume

106 1880 316 1964 comperisset
352 1880 615 1965 intellegeretque
652 1902 685 1943 se
721 1901 831 1963 parem
868 1901 930 1942 noir
969 1900 1038 1942 esse
1074 1878 1196 1962 paratis
1228 1877 1281 1941 ad-

107 1968 269 2053 versariis,
307 1969 423 2038 statuit
458 1968 581 2053 aliquid
618 1968 677 2032 sibi
716 1967 841 2031 consilii
874 1969 947 2032 novi
981 1989 1051 2031 esse
1083 1965 1280 2050 capiendum.

105 2056 196 2121 Duae
229 2061 321 2121 erant
351 2057 434 2142 viae,
467 2079 531 2142 qua
562 2079 602 2121 ex
633 2056 750 2141 Medis,
783 2056 839 2120 ubi
870 2055 924 2120 ille
953 2055 1130 2139 hiemabat,
1162 2055 1202 2119 ad
1229 2054 1282 2118 ad·

105 2145 320 2210 versariorum
355 2143 563 2210 hibernacula
598 2151 709 2230 posset
745 2145 911 2228 perveniri.
973 2142 1115 2221 Quarum
1151 2143 1315 2209 breviore
1367 2170 1372 2182 ·

104 2389 158 2443 ma
191 2390 288 2443 ‘mann
317 2421 350 2429 -
379 2391 478 2446 isaar
511 2375 607 2444 ‘eea'
625 2389 664 2442 nn
714 2387 780 2458 Jeno
798 2403 890 2582 ἵξῃ
907 2387 959 2441 aa
972 2385 1053 2441 unae
1072 2386 1122 2439 aer
1135 2385 1280 2456 Republik
1346 2374 1348 2378 ’

134 2459 140 2470 .
317 2460 325 2486 ,
820 2457 826 2470 .

105 2459 380 2601 Hldlerinndlrefdlg
410 2530 464 2584 (len
486 2530 566 2584 Eum.
594 2531 665 2584 tiber
718 2458 815 2585 blidin
853 2532 912 2595 ata,
936 2527 987 2582 der
1004 2526 1051 2581 die
1068 2525 1230 2651 Erklarung
1246 2545 1280 2581 an

105 2600 172 2654 An’
194 2617 264 2655 enus
307 2601 548 2672 davengetragen,
594 2600 664 2654 wird
717 2601 827 2667 faciant
847 2599 906 2654 und
927 2599 1049 2666 termut
1067 2597 1190 2667 anthad,
1225 2597 1281 2653 eite

106 2671 168 2725 aleb
199 2671 218 2724 d
257 2670 362 2726 wieder
401 2670 584 2741 zweifelhaft,
628 2671 665 2725 da
718 2668 1281 2739 mit‘namlich'ein.-mq1e=qae‘unu

105 2741 200 2811 Antig.
247 2741 286 2795 im
327 2742 484 2796 Vertraneu
530 2742 582 2796 auf
619 2741 665 2797 die
718 2742 812 2795 awar'.
845 2772 880 2782 —
915 2739 954 2794 Zu
991 2757 1053 2795 ema
1089 2740 1188 2810 quobus
1224 2739 1280 2810 vgl.

106 2812 249 2867 sehlechte
276 2813 366 2867 Zucht
392 2812 432 2866 im
456 2813 546 2867 Heere
574 2812 664 2867 eeines
719 2812 751 2865 A.
768 2811 799 2866 B.
820 2817 857 2880 1⁰,
889 2828 924 2865 zu
955 2811 1077 2866 eteteim
1107 2828 1134 2864 n.
1166 2811 1282 2877 fecerint

857 2456 997 2512 maehten.
1008 2488 1042 2497 -
1056 2463 1088 2511 at
1099 2500 1104 2510 .
1116 2501 1121 2510 .
1134 2500 1138 2510 .
1145 2457 1280 2526 perdam:

33 2909 36 2912 ⁴
106 2882 146 2936 Ge
187 2898 230 2938 ers
251 2883 325 2937 nach
343 2885 435 2938 einem
453 2884 560 2938 andern
577 2884 665 2938 Plane
719 2882 751 2937 A.
766 2881 798 2936 B.
814 2888 855 2937 16.

106 2970 169 3007 aus
187 2969 259 3008 nene
277 2955 401 3023 vergeht.
755 2959 779 3007 3.
805 2952 884 3023 Quod
910 2952 936 3008 si
964 2951 1067 3006 ‘Wenn
1094 2953 1178 3019 nun';
1207 2952 1280 3005 daau

143 3032 166 3079 1.
189 3026 221 3078 ia
240 3025 414 3093 Paraetacis,
440 3025 489 3078 der
506 3025 597 3079 Name
615 3025 664 3078 des
719 3023 791 3078 AB.
802 3030 826 3078 ὅ.
838 3024 999 3091 -ὀῐῐονιιιι,
1014 3022 1279 3091 derdesEumcnee,

105 3094 210 3150 Volkes
228 3094 275 3148 fur
292 3095 344 3149 das
361 3095 449 3150 Land.
486 3095 597 3151 Ebe'nse
617 3100 665 3162 §4
718 3093 1277 3164 beram,derrbmischen.Zuletateren1

105 3183 139 3220 ea
166 3166 266 3221 Media.
291 3197 325 3206 -
349 3168 407 3222 aeie
432 3169 580 3239 inantea,
608 3165 663 3221 abl.
720 3165 810 3220 denke
837 3167 914 3232 facta
939 3163 1114 3220 wiederholt.
1137 3196 1172 3205 -
1194 3180 1279 3232 aeque

107 3237 179 3306 aba,
207 3236 299 3291 ubere.
331 3235 371 3290 ‘in
393 3236 471 3292 einer
493 3237 666 3308 geordneten
718 3254 775 3291 rem
788 3237 873 3290 ailam
936 3236 1045 3303 iudicet,
1060 3234 1115 3289 d.i.
1130 3233 1281 3290 etiudieet

106 3307 259 3363 Sehlacht'.
279 3339 312 3348 —
332 3309 402 3363 mele
423 3315 562 3377 acceptum
581 3308 665 3361 ‘nach
719 3323 778 3361 rem
790 3305 911 3374 nullam
929 3307 1056 3362 interesse
1071 3305 1165 3360 ‘einen
1178 3305 1279 3360 Unter-

105 3377 293 3448 ublemumpf
348 3377 665 3448 e’‚v0neinemzuru0k-
719 3376 818 3432 schied
835 3377 1011 3445 anamaehe';
1031 3378 1088 3432 atsi
1106 3377 1138 3431 A.
1153 3376 1184 3430 B.
1200 3382 1224 3430 6.
1244 3408 1277 3416 -

106 3395 460 3572 geeehlagenchndngriffe.
472 3481 505 3489 -
520 3451 666 3504 taenearum
719 3449 758 3504 ad
777 3450 869 3518 (acum
886 3466 913 3502 u.
932 3449 1084 3518 luxuriam)
1105 3446 1169 3502 ‘mit
1185 3446 1278 3527 Rueb-

126 3536 340 3674 uiimaeeeeraea
380 3590 463 3672 ebert
486 3591 558 3644 auch
579 3608 613 3643 au
632 3591 665 3644 zi·
720 3518 879 3654 lddditidrud
887 3518 1117 3671 hiehdnddoddl?
1128 3517 1279 3643 andstaldi

106 3667 195 3716 cerata
219 3659 285 3730 (abl.
309 3678 348 3728 qu
388 3660 667 3785 t.q,‘altgewohnten
719 3661 856 3714 Interesse
884 3660 934 3714 der
960 3659 1171 3731 Kncgfdhrnng
1196 3658 1278 3713 hatte

107 3731 230 3785 Ruhmes
248 3730 301 3785 wie
320 3731 393 3784 auch
436 3730 665 3787 beimutesvoll’.
720 3731 879 3801 gerchehen
923 3729 1026 3799 cellen,
1076 3731 1197 3785 eundern
1242 3747 1278 3784 an

108 3801 462 3872 —1wstulabetmitace.
483 3820 505 3856 c.
525 3802 584 3871 ina,
604 3802 666 3856 eine
719 3801 848 3870 Platean,
880 3799 926 3854 dic
957 3801 1004 3855 fdr
1031 3801 1081 3855 dae
1109 3800 1278 3855 Wohlleben

16 3937 20 3944 .
108 3876 186 3926 sonet
203 3871 490 3942 niehtgewbhnliche
504 3873 615 3928 Konstr.
631 3905 664 3912 —
720 3872 770 3927 der
783 3872 942 3926 Veteranen
955 3870 1123 3941 megliehete
1133 3870 1278 3926 Ausbeute

107 3945 228 3999 vetercmi
260 3943 369 3998 hiessen
399 3943 445 3998 die
473 3944 501 3997 al
534 3943 665 3998 edienten
720 3943 911 4012 versprachcn.

107 4013 235 4085 Krieger‚
258 4014 364 4068 welche
385 4014 431 4068 die
449 4030 516 4084 gese
530 4014 665 4084 amassige
754 4020 780 4067 4.
800 4014 912 4083 paratis
933 4012 992 4067 ltse
1015 4013 1104 4066 durch
1127 4012 1209 4067 einen
1228 4013 1278 4066 Be-

24 4095 25 4100 ’
107 4084 178 4139 Zahl
207 4102 261 4139 von
290 4085 450 4155 Feldzdgen
481 4085 677 4156 mitgemacht'
719 4084 920 4166 dingungssata
951 4083 1006 4138 auf.
1036 4116 1070 4124 -—
1098 4086 1195 4139 statuit
1221 4083 1279 4137 fast

106 4156 219 4225 hatten,
248 4156 308 4209 sich
337 4156 405 4209 aber
427 4156 504 4209 daun
525 4157 598 4210 nceh
620 4155 666 4208 fiir
718 4154 973 4226 glerehbedeutend
1005 4154 1062 4207 vmit
1093 4153 1209 4210 censuit.
1243 4185 1278 4195 -

107 4227 225 4297 langern
272 4226 467 4297 Kriegsdienst
516 4226 665 4281 auwerben
719 4226 827 4294 aliquid
869 4226 935 4280 acri
979 4226 1088 4280 cecilii
1108 4252 1142 4271 =
1161 4224 1277 4292 aliquod

106 4296 214 4352 liessen.
238 4297 272 4351 N.
287 4297 340 4351 hat
352 4296 413 4351 hier
427 4297 473 4352 die
488 4296 666 4353 zahlreichen
718 4313 820 4350 nevum
841 4294 1102 4366 (‘ungewdhnlich’)
1121 4294 1277 4352 consilium.

107 4367 279 4423 Mentereien
310 4367 349 4421 im
377 4367 457 4437 Sinn,
490 4369 575 4422 deren
605 4367 665 4422 sich
719 4399 754 4408 -
772 4384 839 4438 qua,
859 4367 931 4421 Ava
